2200 3450
324 173 580 224 EPISTOLARUM
596 173 699 222 LIBRI
716 173 800 222 DUO.
957 175 987 225 87

135 255 206 322 seio;
221 260 285 310 tuas
296 258 390 310 autem
401 255 566 323 ignoramus.
598 253 748 322 Tamquam
760 253 834 314 enim
847 253 938 308 clausa
952 255 989 308 sit

136 332 211 400 Asia,
224 333 262 385 sic
278 331 344 385 nihil
360 331 500 400 perfertur
515 329 554 384 ad
569 345 620 383 uos
632 333 743 393 praeter
755 345 880 383 rumores
893 330 928 382 (le
940 346 989 399 op-

135 406 386 476 pressoDolabella,
395 406 531 460 satisillos
541 404 654 475 quidem
664 409 828 472 constantes,
839 405 889 459 sed
899 405 989 460 adhue
1049 449 1053 457 .

136 484 194 537 sine
209 487 328 537 auctore.
363 483 390 536 N
392 499 423 536 os
438 482 593 536 confectum
609 480 712 535 bellum
725 499 808 550 quum
821 485 989 551 putaremus.

135 563 249 627 repente
264 575 281 612 a
298 559 404 627 Lepido
416 562 465 613 tuo
476 558 505 611 in
517 575 651 612 summam
670 558 882 612 sollicitudinem
894 575 990 614 sumus

135 636 255 690 adducti.
292 636 393 704 Itaque
409 634 462 689 tibi
481 634 619 704 persuade
637 634 784 688 maximam
804 635 989 704 reipublicae

135 729 210 780 spem
223 713 252 764 in
264 715 294 766 te
305 715 335 766 et
346 713 374 764 in
386 713 442 766 tuis
454 711 540 781 eopiis
556 727 625 764 esse.
664 712 772 764 Firmos
789 711 899 764 omnino
913 727 990 764 exer·
1026 747 1029 754 .

135 789 207 841 citus
219 787 363 842 habemus:
383 787 433 842 sed
444 791 538 842 tamen
552 790 585 842 ut
601 789 699 856 omnia,
712 792 745 841 ut
757 804 846 856 spero,
857 791 989 856 prospero

135 863 295 932 procedant,
315 865 432 919 multum
455 864 574 919 interest
598 866 627 918 te
646 864 747 918 venire.
785 863 893 932 Exigua
916 865 988 919 enini

136 957 199 1007 spes
216 944 260 994 est
277 940 318 994 rei
341 941 487 1009 publicae;
510 957 575 994 nam
593 940 697 994 nullam
717 956 772 994 non
789 939 860 996 libet
881 939 989 994 diacre:

136 1015 186 1146 {erl
204 1032 392 1146 qllfficumquo
409 1021 460 1082 est,
477 1032 511 1070 ea
528 1017 719 1086 despondetur
739 1033 811 1071 anno
832 1017 989 1072 consulatus

150 1109 185 1146 ιιι
278 1109 301 1146 e.

290 1211 330 1260 36.
364 1209 491 1259 CICERO
507 1207 632 1258 A01L10
649 1209 788 1258 PROOOS.
807 1209 835 1259 S.-

397 1309 467 1366 (1111.
481 1309 520 1356 30.
556 1319 581 1353 ι.
595 1318 621 1354 n.
635 1318 657 1354 e.
672 1305 737 1368 too.)

137 1388 168 1443 Ia
180 1387 300 1442 Manlius
315 1390 360 1442 est
376 1387 457 1441 Sosis.
495 1386 525 1440 Is
541 1386 596 1438 fuit
614 1386 782 1442 Catinensis:
807 1385 857 1440 sed
875 1389 920 1441 est
936 1403 990 1440 una

100 1468 104 1478 “
137 1480 199 1517 anm
217 1463 329 1532 reliquis
347 1461 538 1530 Neapolitanis
556 1461 623 1514 civis
639 1461 779 1515 Romanus
794 1461 891 1530 factus,
910 1461 991 1516 deeu-

82 1548 87 1557 '
136 1540 234 1608 rioque
251 1539 381 1608 Neapoli:
405 1537 551 1593 eratenim
564 1537 718 1606 adscriptus
730 1538 758 1590 in
770 1537 801 1591 id
813 1538 990 1608 municipium

137 1619 202 1669 ante
225 1615 366 1669 civitatem
389 1613 469 1668 soeiis
492 1616 522 1668 et
546 1613 653 1668 Latinis
673 1613 774 1668 datam.
812 1614 881 1683 Ejus
904 1615 992 1668 frater

139 1691 253 1747 Catinae
265 1707 353 1761 nuper
364 1686 489 1745 mortuus
501 1693 551 1746 est.
578 1689 690 1745 Nullam
702 1691 811 1746 omnino
823 1691 998 1747 arbitramur·

138 1768 174 1821 ‹le
189 1785 223 1822 ea
238 1768 395 1823 hereditate
409 1768 621 1829 controversiam
635 1785 698 1822 eum
711 1768 889 1835 habiturum
906 1773 936 1824 et
947 1772 992 1823 est

139 1840 220 1898 hodie
235 1844 263 1898 in
279 1844 368 1899 bonis.
404 1844 461 1900 Sed
477 1844 605 1916 qnoniam
620 1844 705 1900 habet
720 1849 864 1914 praeterea
881 1846 992 1914 negotia

137 1925 234 1974 vetera
251 1921 280 1974 in
301 1921 393 1976 Sicilia
412 1938 469 1988 sua,
489 1926 519 1977 et
541 1922 612 1976 hane
636 1921 820 1977 hereditatem
842 1922 992 1977 fraternam

137 2000 168 2050 et
179 1997 269 2051 omnia
280 1997 341 2067 ejus
352 1997 403 2051 tibi
416 1998 584 2070 commendo,
597 1998 625 2052 in
638 2000 788 2070 primisque
799 2000 890 2069 ipsum
901 2000 991 2053 virum

138 2074 272 2141 optimum
288 2074 410 2143 mihique
427 2074 676 2145 familiarissimum,
689 2076 723 2130 iis
735 2075 834 2131 studiis
849 2077 992 2131 literarum

138 2150 335 2220 doetrianue
353 2151 510 2220 praeditum
529 2151 631 2220 quibus
651 2168 701 2219 ego
722 2152 842 2207 maxime
860 2153 990 2208 delector.

139 2225 210 2280 Peto
225 2227 311 2295 igitur
326 2228 376 2281 abs
392 2229 422 2280 te
437 2231 470 2281 ιιι
485 2244 557 2295 eum,
569 2228 627 2283 sive
644 2229 736 2283 aderit
747 2230 804 2283 sive
817 2246 871 2282 non
883 2230 992 2284 venerit

139 2302 166 2355 in
179 2302 305 2371 Siciliam,
317 2304 346 2357 in
358 2305 426 2358 meis
437 2303 542 2357 intimis
560 2304 734 2373 maximeque
749 2305 911 2359 necessariis
923 2306 992 2359 scias

139 2394 200 2432 osse
210 2399 217 2444 ;
235 2379 330 2449 itaque
341 2383 445 2434 tractes
455 2384 489 2435 ut
500 2381 639 2449 intelligat
651 2396 742 2436 meam
753 2380 806 2435 sibi
819 2379 992 2435 commenda-

138 2454 243 2508 tionem
255 2472 353 2524 magno
365 2457 525 2526 adjumento
536 2458 628 2512 fuisse.

275 2584 314 2634 37.
349 2583 388 2631 M.
406 2584 534 2633 elcERO
552 2584 577 2633 S.
595 2584 628 2633 D.
648 2585 675 2633 Ο.
695 2584 856 2635 GURIONI.

411 2689 451 2752 (11.
464 2690 487 2737 ι.
522 2702 549 2739 ι.
564 2701 590 2739 u.
604 2701 625 2738 ο.
640 2689 706 2752 701.)

94 2767 100 2772 ’
139 2770 327 2839 Epistolarum
338 2784 442 2837 genera
455 2770 544 2825 mulla
556 2786 617 2825 esse
629 2786 684 2824 non
696 2770 822 2839 ignoras3
841 2772 891 2827 sed
907 2790 991 2827 unum

139 2847 208 2900 illud
223 2846 406 2900 certissimum
424 2846 504 2916 eujus
521 2863 604 2901 eausa
621 2847 732 2901 inventa
749 2864 794 2903 res
811 2848 871 2917 ipsa
890 2853 941 2917 est,
959 2854 992 2903 ut

138 2924 270 2978 certiores
288 2922 440 2978 faceremus
458 2924 593 2991 absentes,
612 2924 635 2978 si
660 2924 727 2994 quid
752 2928 826 2979 esset
847 2926 922 2993 quod
945 2941 992 2979 eos

137 3000 210 3054 seire
221 3004 270 3055 aut
284 3006 379 3055 nostra
393 3005 441 3055 aut
452 3002 574 3071 ipsorum
586 3001 740 3056 interesset.
779 2999 871 3069 Hujus
883 3001 992 3069 generis

138 3076 662 3148 literasameproleotononexspeetas.
687 3078 806 3131 'suarum
816 3078 889 3131 enim
898 3093 991 3131 rerum

139 3154 304 3210 domesticos
319 3155 405 3209 habes
421 3159 451 3210 ot
462 3156 612 3224 scriptores
624 3162 653 3209 et
664 3155 781 3219 nuntios.
818 3154 852 3206 ln
865 3152 934 3207 meis
943 3169 991 3206 au-

138 3235 196 3286 tenr
205 3230 289 3286 rebus
300 3232 369 3285 nihil
381 3234 425 3287 est
434 3248 499 3288 sane
510 3232 582 3288 nori.
608 3231 725 3302 Reliqua
737 3233 802 3285 sunt
813 3228 990 3298 epistolarum
1091 3290 1092 3301 χ
