<?xml version="1.0" encoding="UTF-8"?>
<!DOCTYPE html PUBLIC "-//W3C//DTD XHTML 1.0 Transitional//EN"
    "http://www.w3.org/TR/xhtml1/DTD/xhtml1-transitional.dtd">
<html xmlns="http://www.w3.org/1999/xhtml" xml:lang="en" lang="en">
 <head>
  <title>
</title>
<meta http-equiv="Content-Type" content="text/html;charset=utf-8" />
  <meta name='ocr-system' content='tesseract 3.04.00' />
  <meta name='ocr-capabilities' content='ocr_page ocr_carea ocr_par ocr_line ocrx_word'/>
</head>
<body>
  <div class='ocr_page' id='page_1' title='image "./catomajorsivede00longgoog_0118.png"; bbox 0 0 2200 3450; ppageno 0'>
   <div class='ocr_carea' id='block_1_1' title="bbox 27 160 942 1075">
    <p class='ocr_par' dir='ltr' id='par_1_1' title="bbox 88 160 748 219">
     <span class='ocr_line' id='line_1_1' title="bbox 88 160 748 219; baseline -0.015 -2"><span class='ocrx_word' id='word_1_1' title='bbox 88 170 137 219; x_wconf 88' lang='lat'><strong>110</strong></span> <span class='ocrx_word' id='word_1_2' title='bbox 273 167 290 212; x_wconf 85' lang='grc'><strong>.“</strong></span> <span class='ocrx_word' id='word_1_3' title='bbox 311 163 350 212; x_wconf 83' lang='grc' dir='ltr'><strong>Μ.</strong></span> <span class='ocrx_word' id='word_1_4' title='bbox 368 160 700 212; x_wconf 77' lang='lat' dir='ltr'>TULLII&#39;CIOERONIS</span> <span class='ocrx_word' id='word_1_5' title='bbox 743 169 748 176; x_wconf 86' lang='grc'><em>·</em></span> 
     </span>
    </p>

    <p class='ocr_par' dir='ltr' id='par_1_2' title="bbox 27 241 942 1075">
     <span class='ocr_line' id='line_1_2' title="bbox 88 241 942 314; baseline 0 -14"><span class='ocrx_word' id='word_1_6' title='bbox 88 242 303 314; x_wconf 76' lang='lat' dir='ltr'><strong>legatomm‚&#39;qui</strong></span> <span class='ocrx_word' id='word_1_7' title='bbox 310 242 379 312; x_wconf 84' lang='lat' dir='ltr'><strong>quid</strong></span> <span class='ocrx_word' id='word_1_8' title='bbox 386 243 507 310; x_wconf 82' lang='lat' dir='ltr'><strong>egissent</strong></span> <span class='ocrx_word' id='word_1_9' title='bbox 514 241 649 296; x_wconf 87' lang='lat' dir='ltr'><strong>nihildum</strong></span> <span class='ocrx_word' id='word_1_10' title='bbox 656 241 843 300; x_wconf 80' lang='lat' dir='ltr'><strong>nuntiabatur.</strong></span> <span class='ocrx_word' id='word_1_11' title='bbox 865 243 942 300; x_wconf 77' lang='lat' dir='ltr'><strong>Ilaec</strong></span> 
     </span>
     <span class='ocr_line' id='line_1_3' title="bbox 89 317 942 386; baseline 0.001 -11"><span class='ocrx_word' id='word_1_12' title='bbox 89 324 183 375; x_wconf 85' lang='lat' dir='ltr'><strong>tamen</strong></span> <span class='ocrx_word' id='word_1_13' title='bbox 193 319 338 374; x_wconf 75' lang='lat' dir='ltr'><strong>scribenda</strong></span> <span class='ocrx_word' id='word_1_14' title='bbox 349 319 522 373; x_wconf 60' lang='lat' dir='ltr'><strong>nnuman:</strong></span> <span class='ocrx_word' id='word_1_15' title='bbox 539 317 753 386; x_wconf 81' lang='lat' dir='ltr'><strong>primum,¹S.·P.</strong></span> <span class='ocrx_word' id='word_1_16' title='bbox 766 319 798 384; x_wconf 62' lang='lat' dir='ltr'><strong>Qu</strong></span> <span class='ocrx_word' id='word_1_17' title='bbox 810 319 843 374; x_wconf 81' lang='lat' dir='ltr'><strong>n.</strong></span> <span class='ocrx_word' id='word_1_18' title='bbox 860 319 896 374; x_wconf 90' lang='lat' dir='ltr'><strong>de</strong></span> <span class='ocrx_word' id='word_1_19' title='bbox 912 326 942 376; x_wconf 85' lang='lat' dir='ltr'><strong>te</strong></span> 
     </span>
     <span class='ocr_line' id='line_1_4' title="bbox 87 393 942 466; baseline 0.001 -16"><span class='ocrx_word' id='word_1_20' title='bbox 87 396 220 462; x_wconf 83' lang='lat' dir='ltr'><strong>laborare,-</strong></span> <span class='ocrx_word' id='word_1_21' title='bbox 231 395 385 451; x_wconf 86' lang='lat' dir='ltr'><strong>nensolum</strong></span> <span class='ocrx_word' id='word_1_22' title='bbox 397 395 493 449; x_wconf 81' lang='lat' dir='ltr'><strong>salutis</strong></span> <span class='ocrx_word' id='word_1_23' title='bbox 506 411 571 449; x_wconf 85' lang='lat' dir='ltr'><strong>suae</strong></span> <span class='ocrx_word' id='word_1_24' title='bbox 588 411 670 450; x_wconf 87' lang='lat' dir='ltr'><strong>eausa</strong></span> <span class='ocrx_word' id='word_1_25' title='bbox 686 393 835 452; x_wconf 83' lang='lat' dir='ltr'><strong>sedetiam</strong></span> <span class='ocrx_word' id='word_1_26' title='bbox 854 395 942 466; x_wconf 78' lang='lat' dir='ltr'><strong>digni·</strong></span> 
     </span>
     <span class='ocr_line' id='line_1_5' title="bbox 87 470 942 539; baseline 0.001 -12"><span class='ocrx_word' id='word_1_27' title='bbox 87 474 155 527; x_wconf 79' lang='lat' dir='ltr'><strong>tatis</strong></span> <span class='ocrx_word' id='word_1_28' title='bbox 167 477 237 528; x_wconf 81' lang='lat' dir='ltr'><strong>time.</strong></span> <span class='ocrx_word' id='word_1_29' title='bbox 274 471 454 526; x_wconf 84' lang='lat' dir='ltr'><strong>Admirabilis</strong></span> <span class='ocrx_word' id='word_1_30' title='bbox 469 471 545 525; x_wconf 86' lang='lat' dir='ltr'><strong>enim</strong></span> <span class='ocrx_word' id='word_1_31' title='bbox 558 474 601 526; x_wconf 83' lang='lat' dir='ltr'><strong>est</strong></span> <span class='ocrx_word' id='word_1_32' title='bbox 616 470 751 539; x_wconf 75' lang='lat' dir='ltr'>quaedam</span> <span class='ocrx_word' id='word_1_33' title='bbox 769 471 810 524; x_wconf 90' lang='lat' dir='ltr'><strong>tui</strong></span> <span class='ocrx_word' id='word_1_34' title='bbox 827 473 942 528; x_wconf 82' lang='lat' dir='ltr'><strong>nominis</strong></span> 
     </span>
     <span class='ocr_line' id='line_1_6' title="bbox 86 546 942 618; baseline 0.004 -15"><span class='ocrx_word' id='word_1_35' title='bbox 86 550 193 616; x_wconf 69' lang='lat' dir='ltr'><strong>raritas,</strong></span> <span class='ocrx_word' id='word_1_36' title='bbox 206 548 383 618; x_wconf 85' lang='lat' dir='ltr'><strong>amorquein</strong></span> <span class='ocrx_word' id='word_1_37' title='bbox 399 550 428 604; x_wconf 91' lang='lat' dir='ltr'><strong>te</strong></span> <span class='ocrx_word' id='word_1_38' title='bbox 448 546 597 616; x_wconf 64' lang='lat' dir='ltr'><strong>siagrium</strong></span> <span class='ocrx_word' id='word_1_39' title='bbox 614 546 735 602; x_wconf 84' lang='lat' dir='ltr'><strong>omnium</strong></span> <span class='ocrx_word' id='word_1_40' title='bbox 753 548 860 604; x_wconf 76' lang='lat' dir='ltr'><strong>oinium.</strong></span> <span class='ocrx_word' id='word_1_41' title='bbox 897 551 942 606; x_wconf 83' lang='lat' dir='ltr'><strong>lta</strong></span> 
     </span>
     <span class='ocr_line' id='line_1_7' title="bbox 86 623 942 694; baseline 0.002 -15"><span class='ocrx_word' id='word_1_42' title='bbox 86 627 160 679; x_wconf 90' lang='lat' dir='ltr'><strong>enim</strong></span> <span class='ocrx_word' id='word_1_43' title='bbox 183 628 295 694; x_wconf 82' lang='lat' dir='ltr'><strong>sperant</strong></span> <span class='ocrx_word' id='word_1_44' title='bbox 313 628 398 694; x_wconf 83' lang='lat' dir='ltr'><strong>atque</strong></span> <span class='ocrx_word' id='word_1_45' title='bbox 417 623 567 690; x_wconf 77' lang='lat' dir='ltr'><strong>aonidum,</strong></span> <span class='ocrx_word' id='word_1_46' title='bbox 591 625 625 676; x_wconf 90' lang='lat' dir='ltr'><strong>ut</strong></span> <span class='ocrx_word' id='word_1_47' title='bbox 642 626 722 676; x_wconf 84' lang='lat' dir='ltr'><strong>anteo</strong></span> <span class='ocrx_word' id='word_1_48' title='bbox 740 640 813 693; x_wconf 79' lang='lat' dir='ltr'><strong>rege,</strong></span> <span class='ocrx_word' id='word_1_49' title='bbox 833 625 871 679; x_wconf 86' lang='lat' dir='ltr'><strong>sic</strong></span> <span class='ocrx_word' id='word_1_50' title='bbox 891 626 942 682; x_wconf 86' lang='lat' dir='ltr'><strong>hoe</strong></span> 
     </span>
     <span class='ocr_line' id='line_1_8' title="bbox 86 698 942 770; baseline 0.002 -16"><span class='ocrx_word' id='word_1_51' title='bbox 86 705 211 770; x_wconf 84' lang='lat' dir='ltr'><strong>tempore</strong></span> <span class='ocrx_word' id='word_1_52' title='bbox 227 717 316 768; x_wconf 73' lang='lat' dir='ltr'><strong>regno</strong></span> <span class='ocrx_word' id='word_1_53' title='bbox 332 704 440 756; x_wconf 80' lang='lat' dir='ltr'><strong>terem</strong></span> <span class='ocrx_word' id='word_1_54' title='bbox 458 698 595 768; x_wconf 80' lang='lat' dir='ltr'><strong>publicam</strong></span> <span class='ocrx_word' id='word_1_55' title='bbox 615 699 803 757; x_wconf 82' lang='lat' dir='ltr'><strong>liberaturum.</strong></span> <span class='ocrx_word' id='word_1_56' title='bbox 838 701 942 756; x_wconf 82' lang='lat' dir='ltr'><strong>Romae</strong></span> 
     </span>
     <span class='ocr_line' id='line_1_9' title="bbox 86 775 942 847; baseline 0.002 -17"><span class='ocrx_word' id='word_1_57' title='bbox 86 777 212 830; x_wconf 87' lang='lat' dir='ltr'><strong>‹leleetus</strong></span> <span class='ocrx_word' id='word_1_58' title='bbox 226 777 343 832; x_wconf 86' lang='lat' dir='ltr'><strong>habetur</strong></span> <span class='ocrx_word' id='word_1_59' title='bbox 358 779 475 844; x_wconf 82' lang='lat' dir='ltr'><strong>totaque</strong></span> <span class='ocrx_word' id='word_1_60' title='bbox 495 776 584 844; x_wconf 83' lang='lat' dir='ltr'><strong>ltalia,</strong></span> <span class='ocrx_word' id='word_1_61' title='bbox 605 775 629 828; x_wconf 88' lang='lat' dir='ltr'><strong>si</strong></span> <span class='ocrx_word' id='word_1_62' title='bbox 647 775 690 830; x_wconf 91' lang='lat' dir='ltr'><strong>bie</strong></span> <span class='ocrx_word' id='word_1_63' title='bbox 708 775 831 831; x_wconf 83' lang='lat' dir='ltr'><strong>delectus</strong></span> <span class='ocrx_word' id='word_1_64' title='bbox 850 779 942 847; x_wconf 85' lang='lat' dir='ltr'><strong>appel-</strong></span> 
     </span>
     <span class='ocr_line' id='line_1_10' title="bbox 86 851 942 921; baseline 0.002 -15"><span class='ocrx_word' id='word_1_65' title='bbox 86 852 185 906; x_wconf 83' lang='lat' dir='ltr'><strong>landus</strong></span> <span class='ocrx_word' id='word_1_66' title='bbox 196 856 240 906; x_wconf 84' lang='lat' dir='ltr'><strong>est</strong></span> <span class='ocrx_word' id='word_1_67' title='bbox 252 869 336 921; x_wconf 86' lang='lat' dir='ltr'><strong>quum</strong></span> <span class='ocrx_word' id='word_1_68' title='bbox 348 852 421 907; x_wconf 88' lang='lat' dir='ltr'><strong>ultro</strong></span> <span class='ocrx_word' id='word_1_69' title='bbox 436 851 602 908; x_wconf 78' lang='lat' dir='ltr'><strong>sentierunt</strong></span> <span class='ocrx_word' id='word_1_70' title='bbox 620 869 730 909; x_wconf 85' lang='lat' dir='ltr'><strong>omnes:</strong></span> <span class='ocrx_word' id='word_1_71' title='bbox 749 856 844 910; x_wconf 85' lang='lat' dir='ltr'><strong>tantus</strong></span> <span class='ocrx_word' id='word_1_72' title='bbox 859 853 942 908; x_wconf 84' lang='lat' dir='ltr'><strong>ardor</strong></span> 
     </span>
     <span class='ocr_line' id='line_1_11' title="bbox 27 926 941 1000; baseline 0.005 -19"><span class='ocrx_word' id='word_1_73' title='bbox 27 958 29 967; x_wconf 69' lang='lat'><em>,</em></span> <span class='ocrx_word' id='word_1_74' title='bbox 87 927 345 998; x_wconf 81' lang='lat' dir='ltr'><strong>oeeupuritauimos</strong></span> <span class='ocrx_word' id='word_1_75' title='bbox 356 926 498 984; x_wconf 89' lang='lat' dir='ltr'><strong>hominum</strong></span> <span class='ocrx_word' id='word_1_76' title='bbox 516 927 655 986; x_wconf 85' lang='lat' dir='ltr'><strong>desiderio</strong></span> <span class='ocrx_word' id='word_1_77' title='bbox 672 928 808 984; x_wconf 71' lang='lat' dir='ltr'><strong>libertatis</strong></span> <span class='ocrx_word' id='word_1_78' title='bbox 824 931 941 1000; x_wconf 88' lang='lat' dir='ltr'><strong>odioque</strong></span> 
     </span>
     <span class='ocr_line' id='line_1_12' title="bbox 86 1003 941 1075; baseline 0.002 -17"><span class='ocrx_word' id='word_1_79' title='bbox 86 1003 209 1058; x_wconf 86' lang='lat' dir='ltr'><strong>diutinae</strong></span> <span class='ocrx_word' id='word_1_80' title='bbox 219 1004 367 1058; x_wconf 82' lang='lat' dir='ltr'><strong>servitutis</strong></span> <span class='ocrx_word' id='word_1_81' title='bbox 403 1003 447 1058; x_wconf 86' lang='lat' dir='ltr'><strong>De</strong></span> <span class='ocrx_word' id='word_1_82' title='bbox 463 1003 577 1073; x_wconf 86' lang='lat' dir='ltr'><strong>reliquis</strong></span> <span class='ocrx_word' id='word_1_83' title='bbox 593 1003 676 1060; x_wconf 89' lang='lat' dir='ltr'><strong>rebus</strong></span> <span class='ocrx_word' id='word_1_84' title='bbox 688 1022 706 1060; x_wconf 85' lang='lat' dir='ltr'><strong>a</strong></span> <span class='ocrx_word' id='word_1_85' title='bbox 716 1009 747 1061; x_wconf 89' lang='lat' dir='ltr'><strong>te</strong></span> <span class='ocrx_word' id='word_1_86' title='bbox 760 1004 821 1074; x_wconf 87' lang='lat' dir='ltr'><strong>jam</strong></span> <span class='ocrx_word' id='word_1_87' title='bbox 833 1021 941 1075; x_wconf 78' lang='lat' dir='ltr'><strong>exspee</strong></span> 
     </span>
    </p>
   </div>
   <div class='ocr_carea' id='block_1_2' title="bbox 85 1079 1032 1150">
    <p class='ocr_par' dir='ltr' id='par_1_3' title="bbox 85 1079 1032 1150">
     <span class='ocr_line' id='line_1_13' title="bbox 85 1079 1032 1150; baseline 0.003 -16"><span class='ocrx_word' id='word_1_88' title='bbox 85 1082 148 1134; x_wconf 87' lang='lat' dir='ltr'><strong>tare</strong></span> <span class='ocrx_word' id='word_1_89' title='bbox 160 1079 253 1134; x_wconf 79' lang='lat' dir='ltr'><strong>literas</strong></span> <span class='ocrx_word' id='word_1_90' title='bbox 269 1080 409 1147; x_wconf 79' lang='lat' dir='ltr'><strong>debemus,</strong></span> <span class='ocrx_word' id='word_1_91' title='bbox 422 1080 490 1149; x_wconf 88' lang='lat' dir='ltr'><strong>quid</strong></span> <span class='ocrx_word' id='word_1_92' title='bbox 507 1080 566 1148; x_wconf 80' lang='lat' dir='ltr'><strong>ipse</strong></span> <span class='ocrx_word' id='word_1_93' title='bbox 583 1095 656 1149; x_wconf 81' lang='lat' dir='ltr'><strong>agas,</strong></span> <span class='ocrx_word' id='word_1_94' title='bbox 674 1080 742 1150; x_wconf 88' lang='lat' dir='ltr'><strong>quid</strong></span> <span class='ocrx_word' id='word_1_95' title='bbox 760 1086 865 1136; x_wconf 88' lang='lat' dir='ltr'><strong>noster·</strong></span> <span class='ocrx_word' id='word_1_96' title='bbox 876 1083 941 1136; x_wconf 81' lang='lat' dir='ltr'><strong>ilir-</strong></span> <span class='ocrx_word' id='word_1_97' title='bbox 1026 1091 1032 1102; x_wconf 84' lang='lat'>&#39;</span> 
     </span>
    </p>
   </div>
   <div class='ocr_carea' id='block_1_3' title="bbox 83 1156 940 1228">
    <p class='ocr_par' dir='ltr' id='par_1_4' title="bbox 83 1156 940 1228">
     <span class='ocr_line' id='line_1_14' title="bbox 83 1156 940 1228; baseline 0.002 -17"><span class='ocrx_word' id='word_1_98' title='bbox 83 1156 151 1221; x_wconf 84' lang='lat' dir='ltr'><strong>tius,</strong></span> <span class='ocrx_word' id='word_1_99' title='bbox 175 1156 242 1226; x_wconf 87' lang='lat' dir='ltr'><strong>quid</strong></span> <span class='ocrx_word' id='word_1_100' title='bbox 267 1157 368 1212; x_wconf 78' lang='lat' dir='ltr'><strong>Caesar</strong></span> <span class='ocrx_word' id='word_1_101' title='bbox 391 1173 488 1223; x_wconf 85' lang='lat' dir='ltr'><strong>meus3</strong></span> <span class='ocrx_word' id='word_1_102' title='bbox 511 1173 579 1225; x_wconf 86' lang='lat' dir='ltr'><strong>ques</strong></span> <span class='ocrx_word' id='word_1_103' title='bbox 595 1174 684 1226; x_wconf 79' lang='lat' dir='ltr'><strong>spero</strong></span> <span class='ocrx_word' id='word_1_104' title='bbox 711 1158 789 1214; x_wconf 81' lang='lat' dir='ltr'><strong>brevi</strong></span> <span class='ocrx_word' id='word_1_105' title='bbox 816 1163 940 1228; x_wconf 87' lang='lat' dir='ltr'><strong>tempore</strong></span> 
     </span>
    </p>
   </div>
   <div class='ocr_carea' id='block_1_4' title="bbox 85 1232 1020 1306">
    <p class='ocr_par' dir='ltr' id='par_1_5' title="bbox 85 1232 1020 1306">
     <span class='ocr_line' id='line_1_15' title="bbox 85 1232 1020 1306; baseline 0.003 -18"><span class='ocrx_word' id='word_1_106' title='bbox 85 1232 616 1301; x_wconf 81' lang='lat' dir='ltr'><strong>soeietaterietoriasteeumeopulatos</strong></span> <span class='ocrx_word' id='word_1_107' title='bbox 631 1233 697 1288; x_wconf 85' lang='lat' dir='ltr'><strong>iore.</strong></span> <span class='ocrx_word' id='word_1_108' title='bbox 733 1234 881 1306; x_wconf 83' lang='lat' dir='ltr'><strong>Reliquum</strong></span> <span class='ocrx_word' id='word_1_109' title='bbox 895 1239 940 1290; x_wconf 89' lang='lat' dir='ltr'><strong>est</strong></span> <span class='ocrx_word' id='word_1_110' title='bbox 1017 1233 1020 1240; x_wconf 61' lang='lat'><strong>⁴</strong></span> 
     </span>
    </p>
   </div>
   <div class='ocr_carea' id='block_1_5' title="bbox 85 1307 940 1531">
    <p class='ocr_par' dir='ltr' id='par_1_6' title="bbox 85 1307 940 1531">
     <span class='ocr_line' id='line_1_16' title="bbox 85 1307 940 1380; baseline 0.002 -17"><span class='ocrx_word' id='word_1_111' title='bbox 85 1314 119 1364; x_wconf 86' lang='lat' dir='ltr'><strong>ut</strong></span> <span class='ocrx_word' id='word_1_112' title='bbox 130 1310 167 1364; x_wconf 83' lang='lat' dir='ltr'><strong>de</strong></span> <span class='ocrx_word' id='word_1_113' title='bbox 177 1326 225 1363; x_wconf 90' lang='lat' dir='ltr'><strong>me</strong></span> <span class='ocrx_word' id='word_1_114' title='bbox 233 1309 265 1363; x_wconf 89' lang='lat' dir='ltr'><strong>id</strong></span> <span class='ocrx_word' id='word_1_115' title='bbox 273 1308 394 1364; x_wconf 74' lang='lat' dir='ltr'><strong>scribam</strong></span> <span class='ocrx_word' id='word_1_116' title='bbox 406 1307 480 1377; x_wconf 82' lang='lat' dir='ltr'><strong>quod</strong></span> <span class='ocrx_word' id='word_1_117' title='bbox 492 1312 522 1362; x_wconf 85' lang='lat' dir='ltr'><strong>te</strong></span> <span class='ocrx_word' id='word_1_118' title='bbox 533 1325 568 1362; x_wconf 85' lang='lat' dir='ltr'><strong>ex</strong></span> <span class='ocrx_word' id='word_1_119' title='bbox 586 1313 696 1364; x_wconf 88' lang='lat' dir='ltr'><strong>tuorum</strong></span> <span class='ocrx_word' id='word_1_120' title='bbox 712 1309 800 1366; x_wconf 84' lang='lat' dir='ltr'><strong>literis</strong></span> <span class='ocrx_word' id='word_1_121' title='bbox 815 1315 845 1365; x_wconf 89' lang='lat' dir='ltr'><strong>et</strong></span> <span class='ocrx_word' id='word_1_122' title='bbox 859 1327 940 1380; x_wconf 85' lang='lat' dir='ltr'><strong>spero</strong></span> 
     </span>
     <span class='ocr_line' id='line_1_17' title="bbox 85 1384 940 1455; baseline 0 -15"><span class='ocrx_word' id='word_1_123' title='bbox 85 1391 117 1440; x_wconf 83' lang='lat' dir='ltr'><strong>et</strong></span> <span class='ocrx_word' id='word_1_124' title='bbox 127 1386 201 1440; x_wconf 80' lang='lat' dir='ltr'><strong>malo</strong></span> <span class='ocrx_word' id='word_1_125' title='bbox 216 1402 387 1455; x_wconf 76' lang='lat' dir='ltr'><strong>oognmmm,</strong></span> <span class='ocrx_word' id='word_1_126' title='bbox 402 1401 448 1442; x_wconf 89' lang='lat' dir='ltr'><strong>me</strong></span> <span class='ocrx_word' id='word_1_127' title='bbox 466 1401 557 1453; x_wconf 88' lang='lat' dir='ltr'><strong>neque</strong></span> <span class='ocrx_word' id='word_1_128' title='bbox 577 1385 673 1441; x_wconf 82' lang='lat' dir='ltr'><strong>deesse</strong></span> <span class='ocrx_word' id='word_1_129' title='bbox 693 1384 749 1439; x_wconf 81' lang='lat' dir='ltr'><strong>ulla</strong></span> <span class='ocrx_word' id='word_1_130' title='bbox 760 1386 789 1440; x_wconf 83' lang='lat' dir='ltr'><strong>in</strong></span> <span class='ocrx_word' id='word_1_131' title='bbox 798 1403 836 1442; x_wconf 78' lang='lat' dir='ltr'><strong>re</strong></span> <span class='ocrx_word' id='word_1_132' title='bbox 851 1403 940 1455; x_wconf 85' lang='lat' dir='ltr'><strong>neque</strong></span> 
     </span>
     <span class='ocr_line' id='line_1_18' title="bbox 86 1459 614 1531; baseline -0.008 -14"><span class='ocrx_word' id='word_1_133' title='bbox 86 1477 217 1531; x_wconf 77' lang='lat' dir='ltr'><strong>nmquam</strong></span> <span class='ocrx_word' id='word_1_134' title='bbox 228 1461 388 1519; x_wconf 76' lang='lat' dir='ltr'><strong>neruorum</strong></span> <span class='ocrx_word' id='word_1_135' title='bbox 399 1459 530 1528; x_wconf 74' lang='lat' dir='ltr'><strong>dignitati</strong></span> <span class='ocrx_word' id='word_1_136' title='bbox 541 1463 614 1514; x_wconf 81' lang='lat' dir='ltr'><strong>tuae.</strong></span> 
     </span>
    </p>
   </div>
   <div class='ocr_carea' id='block_1_6' title="bbox 86 1557 940 1910">
    <p class='ocr_par' dir='ltr' id='par_1_7' title="bbox 279 1557 829 1670">
     <span class='ocr_line' id='line_1_19' title="bbox 279 1557 829 1670; baseline 0.007 -33"><span class='ocrx_word' id='word_1_137' title='bbox 279 1557 331 1666; x_wconf 64' lang='lat' dir='ltr'><strong>glo.</strong></span> <span class='ocrx_word' id='word_1_138' title='bbox 366 1570 490 1667; x_wconf 70' lang='lat' dir='ltr'><strong>onim</strong></span> <span class='ocrx_word' id='word_1_139' title='bbox 507 1584 678 1670; x_wconf 76' lang='lat' dir='ltr'><strong>oronnom</strong></span> <span class='ocrx_word' id='word_1_140' title='bbox 696 1591 721 1641; x_wconf 85' lang='lat' dir='ltr'><strong>s,</strong></span> <span class='ocrx_word' id='word_1_141' title='bbox 826 1565 829 1574; x_wconf 78' lang='grc'>’</span> 
     </span>
    </p>

    <p class='ocr_par' dir='ltr' id='par_1_8' title="bbox 86 1671 940 1910">
     <span class='ocr_line' id='line_1_20' title="bbox 354 1671 931 1739; baseline 0.007 -23"><span class='ocrx_word' id='word_1_142' title='bbox 354 1674 390 1733; x_wconf 84' lang='lat' dir='ltr'><strong>(x.</strong></span> <span class='ocrx_word' id='word_1_143' title='bbox 403 1671 443 1718; x_wconf 85' lang='lat'><strong>30.</strong></span> <span class='ocrx_word' id='word_1_144' title='bbox 478 1681 504 1718; x_wconf 80' lang='grc' dir='ltr'><strong>Δ.</strong></span> <span class='ocrx_word' id='word_1_145' title='bbox 518 1681 542 1716; x_wconf 87' lang='lat' dir='ltr'><strong>n.</strong></span> <span class='ocrx_word' id='word_1_146' title='bbox 557 1681 577 1718; x_wconf 89' lang='lat' dir='ltr'><strong>o.</strong></span> <span class='ocrx_word' id='word_1_147' title='bbox 596 1671 662 1733; x_wconf 77' lang='grc'>711.)</span> <span class='ocrx_word' id='word_1_148' title='bbox 928 1730 931 1739; x_wconf 90' lang='lat'><em>.</em></span> 
     </span>
     <span class='ocr_line' id='line_1_21' title="bbox 86 1738 940 1838; baseline -0.001 -16"><span class='ocrx_word' id='word_1_149' title='bbox 86 1738 860 1838; x_wconf 63' lang='lat' dir='ltr'><strong>[i.o]xmni10nunmsqu0&#39;sreamissuros</strong></span> <span class='ocrx_word' id='word_1_150' title='bbox 875 1766 940 1821; x_wconf 78' lang='lat' dir='ltr'><strong>mr-</strong></span> 
     </span>
     <span class='ocr_line' id='line_1_22' title="bbox 87 1842 939 1910; baseline 0 -13"><span class='ocrx_word' id='word_1_151' title='bbox 87 1845 119 1897; x_wconf 91' lang='lat' dir='ltr'><strong>tii</strong></span> <span class='ocrx_word' id='word_1_152' title='bbox 137 1846 198 1897; x_wconf 82' lang='lat' dir='ltr'><strong>erat</strong></span> <span class='ocrx_word' id='word_1_153' title='bbox 212 1842 322 1897; x_wconf 83' lang='lat' dir='ltr'><strong>futurus</strong></span> <span class='ocrx_word' id='word_1_154' title='bbox 346 1859 408 1896; x_wconf 86' lang='lat' dir='ltr'><strong>eum</strong></span> <span class='ocrx_word' id='word_1_155' title='bbox 432 1857 487 1910; x_wconf 89' lang='lat' dir='ltr'><strong>quo</strong></span> <span class='ocrx_word' id='word_1_156' title='bbox 510 1858 562 1909; x_wconf 80' lang='lat' dir='ltr'><strong>ego</strong></span> <span class='ocrx_word' id='word_1_157' title='bbox 586 1858 758 1895; x_wconf 81' lang='lat' dir='ltr'><strong>erem-num</strong></span> <span class='ocrx_word' id='word_1_158' title='bbox 782 1842 808 1896; x_wconf 90' lang='lat' dir='ltr'><strong>ei</strong></span> <span class='ocrx_word' id='word_1_159' title='bbox 832 1843 939 1897; x_wconf 82' lang='lat' dir='ltr'><strong>obviam</strong></span> 
     </span>
    </p>
   </div>
   <div class='ocr_carea' id='block_1_7' title="bbox 87 1918 940 2060">
    <p class='ocr_par' dir='ltr' id='par_1_9' title="bbox 87 1918 940 2060">
     <span class='ocr_line' id='line_1_23' title="bbox 87 1918 940 1988; baseline 0.004 -15"><span class='ocrx_word' id='word_1_160' title='bbox 87 1935 283 1988; x_wconf 76' lang='lat' dir='ltr'><strong>processeram.</strong></span> <span class='ocrx_word' id='word_1_161' title='bbox 304 1918 391 1971; x_wconf 83' lang='lat' dir='ltr'><strong>millia</strong></span> <span class='ocrx_word' id='word_1_162' title='bbox 418 1933 548 1985; x_wconf 84' lang='lat' dir='ltr'><strong>passuum</strong></span> <span class='ocrx_word' id='word_1_163' title='bbox 579 1922 697 1983; x_wconf 84' lang='lat' dir='ltr'><strong>eentum,</strong></span> <span class='ocrx_word' id='word_1_164' title='bbox 726 1935 780 1986; x_wconf 85' lang='lat' dir='ltr'><strong>quo</strong></span> <span class='ocrx_word' id='word_1_165' title='bbox 807 1920 940 1976; x_wconf 84' lang='lat' dir='ltr'><strong>maturius</strong></span> 
     </span>
     <span class='ocr_line' id='line_1_24' title="bbox 87 1992 940 2060; baseline 0.001 -12"><span class='ocrx_word' id='word_1_166' title='bbox 87 1992 366 2049; x_wconf 80' lang='lat' dir='ltr'><strong>veniret—Antonius</strong></span> <span class='ocrx_word' id='word_1_167' title='bbox 384 1993 506 2060; x_wconf 66' lang='lat' dir='ltr'><strong>legiones</strong></span> <span class='ocrx_word' id='word_1_168' title='bbox 523 1992 620 2047; x_wconf 85' lang='lat' dir='ltr'><strong>eduxit</strong></span> <span class='ocrx_word' id='word_1_169' title='bbox 647 1994 723 2056; x_wconf 82' lang='lat' dir='ltr'><strong>diras,</strong></span> <span class='ocrx_word' id='word_1_170' title='bbox 740 1995 886 2051; x_wconf 76' lang='lat' dir='ltr'><strong>secundem</strong></span> <span class='ocrx_word' id='word_1_171' title='bbox 910 2000 940 2049; x_wconf 91' lang='lat' dir='ltr'><strong>et</strong></span> 
     </span>
    </p>
   </div>
   <div class='ocr_carea' id='block_1_8' title="bbox 86 2068 1040 2140">
    <p class='ocr_par' dir='ltr' id='par_1_10' title="bbox 86 2068 1040 2140">
     <span class='ocr_line' id='line_1_25' title="bbox 86 2068 1040 2140; baseline 0 -15"><span class='ocrx_word' id='word_1_172' title='bbox 86 2072 211 2140; x_wconf 84' lang='lat' dir='ltr'><strong>quintam</strong></span> <span class='ocrx_word' id='word_1_173' title='bbox 223 2068 397 2134; x_wconf 76' lang='lat' dir='ltr'><strong>trieesimem</strong></span> <span class='ocrx_word' id='word_1_174' title='bbox 411 2072 440 2121; x_wconf 88' lang='lat' dir='ltr'><strong>et</strong></span> <span class='ocrx_word' id='word_1_175' title='bbox 458 2068 585 2122; x_wconf 85' lang='lat' dir='ltr'><strong>eohortes</strong></span> <span class='ocrx_word' id='word_1_176' title='bbox 598 2070 748 2137; x_wconf 87' lang='lat' dir='ltr'><strong>praetorias</strong></span> <span class='ocrx_word' id='word_1_177' title='bbox 761 2070 837 2137; x_wconf 79' lang='lat' dir='ltr'><strong>duas,</strong></span> <span class='ocrx_word' id='word_1_178' title='bbox 858 2088 940 2125; x_wconf 87' lang='lat' dir='ltr'><strong>unam</strong></span> <span class='ocrx_word' id='word_1_179' title='bbox 1036 2096 1040 2105; x_wconf 92' lang='lat'><em>·</em></span> 
     </span>
    </p>
   </div>
   <div class='ocr_carea' id='block_1_9' title="bbox 81 2143 943 3277">
    <p class='ocr_par' dir='ltr' id='par_1_11' title="bbox 81 2143 943 3277">
     <span class='ocr_line' id='line_1_26' title="bbox 86 2143 941 2216; baseline 0.001 -15"><span class='ocrx_word' id='word_1_180' title='bbox 86 2164 172 2216; x_wconf 83' lang='lat' dir='ltr'><strong>suam,</strong></span> <span class='ocrx_word' id='word_1_181' title='bbox 197 2146 312 2201; x_wconf 84' lang='lat' dir='ltr'><strong>alteram</strong></span> <span class='ocrx_word' id='word_1_182' title='bbox 346 2145 437 2210; x_wconf 71' lang='lat' dir='ltr'><strong>Sinni,</strong></span> <span class='ocrx_word' id='word_1_183' title='bbox 463 2143 515 2213; x_wconf 89' lang='lat' dir='ltr'><strong>[et]</strong></span> <span class='ocrx_word' id='word_1_184' title='bbox 540 2148 713 2199; x_wconf 84' lang='lat' dir='ltr'><strong>evoeetomm</strong></span> <span class='ocrx_word' id='word_1_185' title='bbox 744 2150 858 2215; x_wconf 83' lang='lat' dir='ltr'><strong>partem.</strong></span> <span class='ocrx_word' id='word_1_186' title='bbox 895 2148 941 2202; x_wconf 85' lang='lat' dir='ltr'><strong>Ita</strong></span> 
     </span>
     <span class='ocr_line' id='line_1_27' title="bbox 87 2220 939 2290; baseline 0 -13"><span class='ocrx_word' id='word_1_187' title='bbox 87 2224 194 2277; x_wconf 82' lang='lat' dir='ltr'><strong>obviam</strong></span> <span class='ocrx_word' id='word_1_188' title='bbox 206 2223 281 2278; x_wconf 86' lang='lat' dir='ltr'><strong>venit</strong></span> <span class='ocrx_word' id='word_1_189' title='bbox 292 2222 378 2290; x_wconf 82' lang='lat' dir='ltr'><strong>nobis,</strong></span> <span class='ocrx_word' id='word_1_190' title='bbox 395 2220 470 2290; x_wconf 86' lang='lat' dir='ltr'><strong>qued</strong></span> <span class='ocrx_word' id='word_1_191' title='bbox 487 2237 537 2275; x_wconf 90' lang='lat' dir='ltr'><strong>nos</strong></span> <span class='ocrx_word' id='word_1_192' title='bbox 554 2224 672 2289; x_wconf 86' lang='lat' dir='ltr'><strong>quatuor</strong></span> <span class='ocrx_word' id='word_1_193' title='bbox 686 2222 807 2289; x_wconf 80' lang='lat' dir='ltr'><strong>legiones</strong></span> <span class='ocrx_word' id='word_1_194' title='bbox 820 2224 939 2279; x_wconf 88' lang='lat' dir='ltr'><strong>tironum</strong></span> 
     </span>
     <span class='ocr_line' id='line_1_28' title="bbox 87 2298 940 2367; baseline 0.002 -14"><span class='ocrx_word' id='word_1_195' title='bbox 87 2300 189 2354; x_wconf 84' lang='lat' dir='ltr'><strong>habore</strong></span> <span class='ocrx_word' id='word_1_196' title='bbox 202 2300 289 2354; x_wconf 89' lang='lat' dir='ltr'><strong>solum</strong></span> <span class='ocrx_word' id='word_1_197' title='bbox 301 2298 502 2353; x_wconf 71' lang='lat' dir='ltr'><strong>arbitrabatur:</strong></span> <span class='ocrx_word' id='word_1_198' title='bbox 513 2298 570 2352; x_wconf 83' lang='lat' dir='ltr'><strong>Sed</strong></span> <span class='ocrx_word' id='word_1_199' title='bbox 582 2302 672 2362; x_wconf 82' lang='lat' dir='ltr'><strong>noctu,</strong></span> <span class='ocrx_word' id='word_1_200' title='bbox 685 2316 739 2367; x_wconf 90' lang='lat' dir='ltr'><strong>quo</strong></span> <span class='ocrx_word' id='word_1_201' title='bbox 749 2300 836 2354; x_wconf 84' lang='lat' dir='ltr'><strong>tutius</strong></span> <span class='ocrx_word' id='word_1_202' title='bbox 848 2301 940 2355; x_wconf 85' lang='lat' dir='ltr'><strong>venire</strong></span> 
     </span>
     <span class='ocr_line' id='line_1_29' title="bbox 88 2374 941 2446; baseline 0 -15"><span class='ocrx_word' id='word_1_203' title='bbox 88 2377 119 2430; x_wconf 86' lang='lat' dir='ltr'><strong>in</strong></span> <span class='ocrx_word' id='word_1_204' title='bbox 131 2382 222 2431; x_wconf 85' lang='lat' dir='ltr'><strong>eastra</strong></span> <span class='ocrx_word' id='word_1_205' title='bbox 234 2392 384 2445; x_wconf 85' lang='lat' dir='ltr'><strong>possemus,</strong></span> <span class='ocrx_word' id='word_1_206' title='bbox 400 2375 534 2442; x_wconf 81' lang='lat' dir='ltr'><strong>legionem</strong></span> <span class='ocrx_word' id='word_1_207' title='bbox 547 2374 676 2429; x_wconf 79' lang='lat' dir='ltr'><strong>Martiam</strong></span> <span class='ocrx_word' id='word_1_208' title='bbox 689 2374 732 2446; x_wconf 81' lang='lat' dir='ltr'><strong>cui</strong></span> <span class='ocrx_word' id='word_1_209' title='bbox 752 2391 803 2443; x_wconf 83' lang='lat' dir='ltr'><strong>ege</strong></span> <span class='ocrx_word' id='word_1_210' title='bbox 814 2392 941 2444; x_wconf 77' lang='lat' dir='ltr'><strong>praeesse</strong></span> 
     </span>
     <span class='ocr_line' id='line_1_30' title="bbox 88 2450 941 2521; baseline -0.001 -14"><span class='ocrx_word' id='word_1_211' title='bbox 88 2454 216 2521; x_wconf 81' lang='lat' dir='ltr'><strong>solebam,</strong></span> <span class='ocrx_word' id='word_1_212' title='bbox 235 2457 265 2511; x_wconf 87' lang='lat' dir='ltr'><strong>et</strong></span> <span class='ocrx_word' id='word_1_213' title='bbox 281 2452 350 2506; x_wconf 87' lang='lat' dir='ltr'><strong>duas</strong></span> <span class='ocrx_word' id='word_1_214' title='bbox 371 2451 496 2506; x_wconf 77' lang='lat' dir='ltr'><strong>eubertus</strong></span> <span class='ocrx_word' id='word_1_215' title='bbox 516 2451 670 2521; x_wconf 84' lang='lat' dir='ltr'><strong>praetorias</strong></span> <span class='ocrx_word' id='word_1_216' title='bbox 693 2450 806 2505; x_wconf 83' lang='lat' dir='ltr'><strong>miseret</strong></span> <span class='ocrx_word' id='word_1_217' title='bbox 831 2452 941 2507; x_wconf 84' lang='lat' dir='ltr'><strong>Hirtius</strong></span> 
     </span>
     <span class='ocr_line' id='line_1_31' title="bbox 87 2528 941 2597; baseline -0.002 -14"><span class='ocrx_word' id='word_1_218' title='bbox 87 2530 173 2583; x_wconf 83' lang='lat' dir='ltr'><strong>nobis</strong></span> <span class='ocrx_word' id='word_1_219' title='bbox 209 2530 430 2597; x_wconf 70' lang='lat' dir='ltr'><strong>Quum’aquites</strong></span> <span class='ocrx_word' id='word_1_220' title='bbox 448 2528 565 2583; x_wconf 78' lang='lat' dir='ltr'><strong>Antonii</strong></span> <span class='ocrx_word' id='word_1_221' title='bbox 586 2528 783 2596; x_wconf 81' lang='lat' dir='ltr'><strong>apparuissent,</strong></span> <span class='ocrx_word' id='word_1_222' title='bbox 807 2528 941 2583; x_wconf 74' lang='lat' dir='ltr'><strong>matineri</strong></span> 
     </span>
     <span class='ocr_line' id='line_1_32' title="bbox 81 2604 940 2675; baseline -0.002 -16"><span class='ocrx_word' id='word_1_223' title='bbox 81 2622 178 2675; x_wconf 54' lang='lat' dir='ltr'><strong>¹neque</strong></span> <span class='ocrx_word' id='word_1_224' title='bbox 189 2605 261 2673; x_wconf 83' lang='lat' dir='ltr'><strong>legio</strong></span> <span class='ocrx_word' id='word_1_225' title='bbox 273 2604 376 2658; x_wconf 84' lang='lat' dir='ltr'><strong>Martia</strong></span> <span class='ocrx_word' id='word_1_226' title='bbox 386 2621 477 2671; x_wconf 90' lang='lat' dir='ltr'><strong>neque</strong></span> <span class='ocrx_word' id='word_1_227' title='bbox 487 2604 613 2658; x_wconf 88' lang='lat' dir='ltr'><strong>eohortes</strong></span> <span class='ocrx_word' id='word_1_228' title='bbox 626 2604 778 2671; x_wconf 70' lang='lat' dir='ltr'><strong>praetiriae</strong></span> <span class='ocrx_word' id='word_1_229' title='bbox 784 2607 940 2673; x_wconf 86' lang='lat' dir='ltr'><strong>potuerunt,</strong></span> 
     </span>
     <span class='ocr_line' id='line_1_33' title="bbox 88 2680 941 2751; baseline -0.004 -15"><span class='ocrx_word' id='word_1_230' title='bbox 88 2699 158 2751; x_wconf 83' lang='lat' dir='ltr'><strong>quas</strong></span> <span class='ocrx_word' id='word_1_231' title='bbox 174 2681 253 2749; x_wconf 88' lang='lat' dir='ltr'><strong>sequi</strong></span> <span class='ocrx_word' id='word_1_232' title='bbox 272 2680 410 2749; x_wconf 80' lang='lat' dir='ltr'><strong>coepimus</strong></span> <span class='ocrx_word' id='word_1_233' title='bbox 427 2682 520 2747; x_wconf 77' lang='lat' dir='ltr'><strong>coacti,</strong></span> <span class='ocrx_word' id='word_1_234' title='bbox 543 2681 671 2750; x_wconf 85' lang='lat' dir='ltr'><strong>quoniam</strong></span> <span class='ocrx_word' id='word_1_235' title='bbox 682 2680 810 2735; x_wconf 86' lang='lat' dir='ltr'><strong>retinere</strong></span> <span class='ocrx_word' id='word_1_236' title='bbox 825 2696 872 2735; x_wconf 83' lang='lat' dir='ltr'><strong>ens</strong></span> <span class='ocrx_word' id='word_1_237' title='bbox 887 2696 941 2733; x_wconf 88' lang='lat' dir='ltr'><strong>non</strong></span> 
     </span>
     <span class='ocr_line' id='line_1_34' title="bbox 89 2756 942 2826; baseline 0 -15"><span class='ocrx_word' id='word_1_238' title='bbox 89 2762 270 2826; x_wconf 85' lang='lat' dir='ltr'><strong>potueramus.</strong></span> <span class='ocrx_word' id='word_1_239' title='bbox 306 2757 444 2811; x_wconf 81' lang='lat' dir='ltr'><strong>Antonius</strong></span> <span class='ocrx_word' id='word_1_240' title='bbox 455 2758 492 2811; x_wconf 83' lang='lat' dir='ltr'><strong>ud</strong></span> <span class='ocrx_word' id='word_1_241' title='bbox 505 2757 606 2811; x_wconf 80' lang='lat' dir='ltr'><strong>Forum</strong></span> <span class='ocrx_word' id='word_1_242' title='bbox 620 2757 760 2811; x_wconf 81' lang='lat' dir='ltr'><strong>Gallorum</strong></span> <span class='ocrx_word' id='word_1_243' title='bbox 772 2772 835 2811; x_wconf 86' lang='lat' dir='ltr'><strong>suas</strong></span> <span class='ocrx_word' id='word_1_244' title='bbox 850 2756 942 2825; x_wconf 84' lang='lat' dir='ltr'><strong>eopias</strong></span> 
     </span>
     <span class='ocr_line' id='line_1_35' title="bbox 88 2831 942 2902; baseline 0.002 -15"><span class='ocrx_word' id='word_1_245' title='bbox 88 2831 262 2898; x_wconf 78' lang='lat' dir='ltr'><strong>eontinebat;</strong></span> <span class='ocrx_word' id='word_1_246' title='bbox 274 2849 365 2902; x_wconf 86' lang='lat' dir='ltr'><strong>neque</strong></span> <span class='ocrx_word' id='word_1_247' title='bbox 377 2833 439 2886; x_wconf 84' lang='lat' dir='ltr'><strong>seiri</strong></span> <span class='ocrx_word' id='word_1_248' title='bbox 451 2832 560 2887; x_wconf 77' lang='lat' dir='ltr'><strong>volebat</strong></span> <span class='ocrx_word' id='word_1_249' title='bbox 573 2850 602 2887; x_wconf 86' lang='lat' dir='ltr'><strong>se</strong></span> <span class='ocrx_word' id='word_1_250' title='bbox 617 2832 737 2901; x_wconf 84' lang='lat' dir='ltr'><strong>legiones</strong></span> <span class='ocrx_word' id='word_1_251' title='bbox 750 2831 866 2887; x_wconf 86' lang='lat' dir='ltr'><strong>habere:</strong></span> <span class='ocrx_word' id='word_1_252' title='bbox 882 2836 942 2889; x_wconf 81' lang='lat' dir='ltr'><strong>tan-</strong></span> 
     </span>
     <span class='ocr_line' id='line_1_36' title="bbox 89 2907 941 2977; baseline 0 -14"><span class='ocrx_word' id='word_1_253' title='bbox 89 2913 149 2963; x_wconf 91' lang='lat' dir='ltr'><strong>tum</strong></span> <span class='ocrx_word' id='word_1_254' title='bbox 161 2908 315 2977; x_wconf 80' lang='lat' dir='ltr'><strong>equitatum</strong></span> <span class='ocrx_word' id='word_1_255' title='bbox 328 2912 357 2961; x_wconf 90' lang='lat' dir='ltr'><strong>et</strong></span> <span class='ocrx_word' id='word_1_256' title='bbox 371 2907 459 2961; x_wconf 85' lang='lat' dir='ltr'><strong>levem</strong></span> <span class='ocrx_word' id='word_1_257' title='bbox 473 2913 640 2962; x_wconf 82' lang='lat' dir='ltr'><strong>armaturam</strong></span> <span class='ocrx_word' id='word_1_258' title='bbox 655 2908 826 2962; x_wconf 81' lang='lat' dir='ltr'><strong>ostendebat.</strong></span> <span class='ocrx_word' id='word_1_259' title='bbox 865 2908 941 2963; x_wconf 82' lang='lat' dir='ltr'><strong>l&#39;est-</strong></span> 
     </span>
     <span class='ocr_line' id='line_1_37' title="bbox 90 2983 942 3054; baseline -0.001 -15"><span class='ocrx_word' id='word_1_260' title='bbox 90 3001 205 3054; x_wconf 80' lang='lat' dir='ltr'><strong>eaquam</strong></span> <span class='ocrx_word' id='word_1_261' title='bbox 224 2983 296 3037; x_wconf 83' lang='lat' dir='ltr'><strong>vidit</strong></span> <span class='ocrx_word' id='word_1_262' title='bbox 315 2999 344 3036; x_wconf 86' lang='lat' dir='ltr'><strong>se</strong></span> <span class='ocrx_word' id='word_1_263' title='bbox 363 2983 449 3036; x_wconf 79' lang='lat' dir='ltr'><strong>inrito</strong></span> <span class='ocrx_word' id='word_1_264' title='bbox 469 2984 603 3051; x_wconf 80' lang='lat' dir='ltr'><strong>legionem</strong></span> <span class='ocrx_word' id='word_1_265' title='bbox 625 2984 666 3037; x_wconf 88' lang='lat' dir='ltr'><strong>ire</strong></span> <span class='ocrx_word' id='word_1_266' title='bbox 691 2984 787 3052; x_wconf 79' lang='lat' dir='ltr'><strong>Pansa,</strong></span> <span class='ocrx_word' id='word_1_267' title='bbox 811 2984 887 3053; x_wconf 87' lang='lat' dir='ltr'><strong>sequi</strong></span> <span class='ocrx_word' id='word_1_268' title='bbox 913 3001 942 3039; x_wconf 89' lang='lat' dir='ltr'><strong>se</strong></span> 
     </span>
     <span class='ocr_line' id='line_1_38' title="bbox 89 3057 943 3128; baseline -0.002 -13"><span class='ocrx_word' id='word_1_269' title='bbox 89 3060 159 3115; x_wconf 84' lang='lat' dir='ltr'><strong>duss</strong></span> <span class='ocrx_word' id='word_1_270' title='bbox 178 3060 299 3128; x_wconf 84' lang='lat' dir='ltr'><strong>legiones</strong></span> <span class='ocrx_word' id='word_1_271' title='bbox 322 3057 410 3125; x_wconf 85' lang='lat' dir='ltr'><strong>jussit</strong></span> <span class='ocrx_word' id='word_1_272' title='bbox 432 3058 559 3113; x_wconf 89' lang='lat' dir='ltr'><strong>tironum.</strong></span> <span class='ocrx_word' id='word_1_273' title='bbox 596 3058 779 3127; x_wconf 85' lang='lat' dir='ltr'><strong>Posteaquam</strong></span> <span class='ocrx_word' id='word_1_274' title='bbox 803 3060 943 3127; x_wconf 49' lang='lat' dir='ltr'><strong>susurras</strong></span> 
     </span>
     <span class='ocr_line' id='line_1_39' title="bbox 89 3135 943 3204; baseline 0.001 -16"><span class='ocrx_word' id='word_1_275' title='bbox 89 3136 197 3204; x_wconf 80' lang='lat' dir='ltr'><strong>paludis</strong></span> <span class='ocrx_word' id='word_1_276' title='bbox 218 3139 247 3189; x_wconf 87' lang='lat' dir='ltr'><strong>et</strong></span> <span class='ocrx_word' id='word_1_277' title='bbox 268 3135 396 3189; x_wconf 85' lang='lat' dir='ltr'><strong>silvarum</strong></span> <span class='ocrx_word' id='word_1_278' title='bbox 420 3135 586 3201; x_wconf 88' lang='lat' dir='ltr'><strong>transiimus,</strong></span> <span class='ocrx_word' id='word_1_279' title='bbox 610 3135 681 3189; x_wconf 76' lang='lat' dir='ltr'><strong>scies</strong></span> <span class='ocrx_word' id='word_1_280' title='bbox 704 3138 748 3187; x_wconf 88' lang='lat' dir='ltr'><strong>est</strong></span> <span class='ocrx_word' id='word_1_281' title='bbox 769 3135 903 3189; x_wconf 84' lang='lat' dir='ltr'><strong>instructa</strong></span> <span class='ocrx_word' id='word_1_282' title='bbox 925 3151 943 3189; x_wconf 85' lang='lat' dir='ltr'><strong>a</strong></span> 
     </span>
     <span class='ocr_line' id='line_1_40' title="bbox 89 3208 942 3277; baseline 0.002 -14"><span class='ocrx_word' id='word_1_283' title='bbox 89 3210 168 3263; x_wconf 89' lang='lat' dir='ltr'><strong>nobis</strong></span> <span class='ocrx_word' id='word_1_284' title='bbox 179 3209 322 3262; x_wconf 82' lang='lat' dir='ltr'><strong>duodecim</strong></span> <span class='ocrx_word' id='word_1_285' title='bbox 335 3208 495 3262; x_wconf 88' lang='lat' dir='ltr'><strong>eohortium.</strong></span> <span class='ocrx_word' id='word_1_286' title='bbox 531 3208 662 3263; x_wconf 87' lang='lat' dir='ltr'><strong>Nondum</strong></span> <span class='ocrx_word' id='word_1_287' title='bbox 673 3212 806 3262; x_wconf 84' lang='lat' dir='ltr'><strong>venerant</strong></span> <span class='ocrx_word' id='word_1_288' title='bbox 820 3210 942 3277; x_wconf 78' lang='lat' dir='ltr'><strong>legiones</strong></span> 
     </span>
    </p>
   </div>
   <div class='ocr_carea' id='block_1_10' title="bbox 0 0 1105 3450">
    <p class='ocr_par' dir='ltr' id='par_1_12' title="bbox 0 0 1105 3450">
     <span class='ocr_line' id='line_1_41' title="bbox 0 0 1105 3450; baseline 0 0"><span class='ocrx_word' id='word_1_289' title='bbox 0 0 1105 3450; x_wconf 95' lang='lat' dir='ltr'><strong> </strong></span> 
     </span>
    </p>
   </div>
  </div>
 </body>
</html>
