2200 3450
10 3314 59 3403 k

90 125 122 170 tn
319 117 358 167 M.
377 115 503 166 TULLII
525 115 718 166 clouncnis

89 201 177 256 veteri
190 197 326 253 amicitiae
338 195 510 264 tribuendus,
522 198 556 250 ut
567 196 591 248 is
604 196 631 249 in
645 195 726 266 culpa
740 197 777 252 sit
791 200 838 269 qui
853 201 944 269 iaciat,

89 292 143 329 non
160 275 183 328 is
199 275 247 344 qui
262 274 385 343 patiatur
401 271 541 340 injuriam.
575 272 692 326 Omnino
708 274 830 328 omnium
846 277 943 331 horum

88 352 216 405 vitiorum
229 354 313 418 atque
325 347 557 403 incommodorum
569 365 624 403 una
632 348 723 404 cautio
736 355 779 406 est
790 355 875 420 atque
889 370 944 407 uua

88 427 212 494 provisio,
230 429 315 480 utne
333 424 413 479 nimis
433 423 488 478 cito
510 423 625 491 diligere
646 425 777 494 incipiant
796 443 866 481 neve
886 445 942 482 non

88 503 193 571 dignos.
229 505 270 560 79.
290 500 373 570 Digni
389 504 482 556 autem
498 506 564 554 sunt
579 500 700 555 amicitia
715 502 815 570 quibus
831 503 860 556 in
875 503 942 572 ipsis

87 577 159 632 inest
176 594 258 646 causa
274 594 323 632 cur
341 576 500 644 diligantur.
537 575 642 630 Rarum
657 594 756 645 genus,
778 583 808 632 ιι
829 579 942 647 quidem

87 654 178 708 omnia
199 654 339 724 praeclara
359 669 428 719 rare,
449 667 500 706 nec
523 652 674 722 quidquam
698 653 834 708 difficilius
858 672 941 725 quam

86 730 209 798 reperire
220 729 295 799 quod
307 729 343 783 sit
355 728 428 782 omni
440 743 475 781 ex
484 734 564 796 parte
573 728 602 782 in
611 745 660 783 suo
669 746 771 798 genere
779 731 941 798 perfectum.

87 804 144 859 Sed
154 805 380 874 pleriqueneque
394 805 423 857 in
436 803 520 857 rebus
533 803 661 858 humanis
674 805 825 874 quidquam
839 807 941 861 bonum

85 885 188 936 norunt
204 881 257 934 nisi
278 879 353 948 quod
371 879 543 933 fructuosum
564 879 609 947 sit,
627 884 657 935 et
678 881 780 936 amicos
800 885 941 951 tamquam

85 957 204 1024 pecudes
221 973 267 1009 eos
282 954 454 1024 potissimum
472 955 592 1023 diligunt
609 973 645 1010 ex
663 956 763 1024 quibus
781 961 893 1026 sperant
910 975 941 1012 ae

86 1032 234 1084 inanimum
251 1031 371 1086 fructum
387 1047 447 1084 esse
463 1035 600 1102 capturos.
636 1032 742 1107 8001ta
757 1033 941 1102 pulcherrima
1055 1064 1061 1072 ·

85 1106 131 1160 illa
143 1110 173 1162 et
184 1107 302 1161 maxime
313 1107 431 1160 naturali
444 1109 538 1160 carent
550 1107 672 1161 amicitia
683 1125 733 1178 per
745 1125 775 1163 sc
786 1112 816 1162 et
824 1113 940 1178 propter

85 1198 116 1236 ιι
134 1183 300 1253 expetenda,
315 1199 365 1237 nec
377 1182 430 1251 ipsi
446 1181 498 1235 sibi
514 1183 641 1252 exemplo
655 1188 720 1239 sunt
735 1184 802 1238 hacc
817 1185 859 1238 vis
874 1186 941 1238 ami-

86 1257 168 1314 citiae
180 1259 268 1329 qualis
281 1262 310 1314 et
322 1264 426 1327 quauta
437 1257 484 1312 sit.
517 1258 584 1326 Ipse
592 1258 665 1313 enim
674 1275 705 1312 se
716 1259 832 1328 quisque
841 1260 940 1328 diligit,

86 1352 140 1389 nou
151 1338 184 1390 ut
196 1335 315 1404 aliquam
328 1352 345 1388 a
357 1351 386 1388 se
398 1335 457 1404 ipse
469 1335 625 1389 mercedem
634 1335 727 1405 exigat
734 1337 858 1391 caritatis
867 1357 937 1401 suae,

86 1411 135 1466 sed
148 1411 224 1480 quod
235 1428 285 1481 per
297 1427 327 1464 se
340 1410 392 1464 sibi
405 1409 522 1479 quisque
534 1426 614 1464 carris
625 1419 676 1464 est.
710 1412 790 1476 Quod
801 1411 854 1464 crisi
865 1411 938 1465 idem

84 1487 113 1539 in
134 1487 283 1542 amicitiam
303 1486 492 1550 transferetur,
512 1502 596 1540 verus
615 1486 719 1540 amicus
740 1503 878 1555 nunquam
898 1503 940 1540 re

84 1564 221 1632 parietur;
237 1567 281 1618 est
292 1563 365 1618 enim
376 1563 400 1616 ia
412 1561 460 1630 qui
476 1564 520 1615 est
535 1564 677 1630 tamquam
693 1563 764 1616 alter
778 1561 860 1616 idem.
894 1567 940 1618 81.

85 1639 166 1704 Quod
186 1639 210 1693 si
229 1639 281 1694 hoc
303 1641 419 1707 apparet
439 1637 468 1690 in
491 1636 596 1705 bestiis,
620 1637 782 1704 volucribus,
801 1638 940 1704 nantibus,

84 1715 248 1783 agrestibus,
261 1712 403 1781 cicuribus,
415 1712 488 1781 feris,
501 1713 621 1782 primum
633 1716 664 1768 ut
676 1730 706 1768 ιι
722 1713 798 1783 ipsae
815 1713 939 1783 diligant,

84 1790 115 1845 id
127 1791 200 1847 enim
211 1790 317 1859 pariter
328 1806 391 1845 cum
402 1789 475 1843 omni
491 1790 630 1845 animante
645 1790 774 1858 nascitur,
791 1789 891 1845 deinde
907 1794 940 1846 ut

85 1867 229 1936 requirant
246 1869 331 1934 atque
349 1868 481 1934 appetant
493 1865 527 1918 ad
541 1882 611 1934 quas
623 1883 653 1920 se
664 1865 803 1934 applicent
814 1866 939 1934 ejusdem

85 1942 194 2011 generis
205 1941 365 2007 animantes,
383 1940 469 2009 idque
483 1941 589 1996 faciunt
606 1958 668 1995 cum
683 1941 820 1996 desiderio
835 1946 864 1996 'ct
877 1959 939 1996 cum

85 2018 202 2087 quadam
216 2016 394 2071 similitudine
406 2016 507 2071 amoris
518 2016 639 2085 humani,
651 2020 755 2086 quanto
767 2017 797 2070 id
812 2018 899 2085 magis
910 2019 940 2074 in

87 2093 197 2147 bomine
219 2092 252 2146 fit
269 2095 375 2160 natura,
393 2093 440 2160 qui
463 2094 542 2147 etse
564 2094 627 2161 ipse'
646 2091 744 2160 diligit,
768 2095 798 2146 et
821 2093 939 2147 alterum

86 2169 206 2238 anquirit
224 2169 303 2237 cujus
323 2168 444 2222 animum
464 2168 504 2223 ita
521 2185 583 2222 cum
593 2185 650 2221 -suo
667 2169 780 2223 minoem
797 2172 830 2223 ut
841 2169 941 2224 efficiat

86 2262 174 2315 paene
185 2261 270 2299 unum
282 2261 316 2299 cx
329 2243 455 2300 duobusl

141 2321 236 2375 XXII.
256 2326 298 2377 82.
329 2320 386 2375 Sed
399 2319 525 2390 plerique
543 2335 733 2389 parcensque
751 2319 841 2374 dicam
855 2320 940 2389 impu-

87 2396 193 2464 denter,
214 2398 331 2453 amicum
347 2400 449 2456 habere
466 2400 552 2455 talem
576 2396 672 2451 volunt
691 2396 787 2465 quales
807 2396 860 2464 ipsi
879 2413 940 2451 esse

85 2490 138 2526 non
157 2478 285 2541 possunt;
303 2488 429 2541 quaeque
446 2471 499 2541 ipsi
515 2488 570 2525 non
593 2470 721 2526 tribuunt
744 2471 847 2540 amicis,
871 2472 940 2526 hace

84 2548 120 2601 ab
133 2548 173 2602 ιιι
189 2547 355 2601 desiderant.
392 2547 446 2601 Par
464 2550 508 2602 est
526 2552 620 2603 autem
638 2549 756 2617 primum
777 2548 867 2616 ipsum
879 2565 940 2603 csse

85 2623 175 2677 virum
187 2621 295 2687 bonum,
315 2626 375 2676 tum
395 2624 513 2677 alterum
532 2623 649 2677 similem
667 2624 709 2677 sui
728 2641 869 2692 quaerere.
905 2624 940 2679 In

85 2698 228 2753 talibusea
239 2714 322 2768 quam
338 2697 504 2767 jamdudum
516 2704 668 2753 tractamus
688 2700 826 2753 stabilitas
848 2697 941 2753 amici·

86 2775 143 2829 tiae
155 2773 310 2829 confirmari
327 2777 428 2842 potest,
441 2792 526 2842 quum
539 2775 663 2829 homines
674 2775 867 2829 benevolentia
877 2791 941 2828 con·

81 2849 172 2917 juncti
190 2849 308 2918 primum
327 2849 526 2917 cupiditatibus
542 2852 577 2904 iis
593 2850 692 2919 quibus
713 2850 799 2904 ceteri
817 2848 940 2905 serviunt

85 2923 267 2994 imperabunt,
291 2922 396 2979 deinde
417 2925 559 2994 aequitate
582 2924 748 2993 justitiaque
770 2925 941 2993 gaudebunt,

86 3001 232 3068 omniaque
250 2999 322 3055 alter
341 3016 392 3069 pro
412 3000 500 3055 altero
523 3001 662 3069 suscipiet,
681 3016 771 3069 neque
790 3001 942 3069 quidquam

85 3090 205 3145 unquam
217 3075 424 3131 nisibonestum
435 3079 465 3130 et
480 3079 586 3130 rectum
606 3076 678 3129 ulter
694 3074 729 3128 ab
742 3074 830 3129 altero
847 3079 942 3143 postu-

84 3148 161 3218 labit,
172 3167 262 3219 neque
278 3152 364 3205 solum
381 3152 471 3205 colcnt
487 3152 597 3203 intorse
614 3167 645 3203 ac
658 3149 776 3216 diligent
789 3150 839 3203 sed
857 3151 941 3207 etiam
