2200 3450
332 143 496 214 nannius.
532 166 702 214 caaxrn.
716 164 794 213 xrv.
950 169 987 216 aa

134 251 217 305 beate·
227 249 374 304 vivendum
387 245 562 300 securitatem
575 262 630 316 qua
638 245 692 297 frui
705 262 759 297 non
771 247 860 314 possit
871 245 986 313 animus,

134 327 159 379 si
181 331 322 394 tamquam
342 323 478 393 parturiat
501 339 572 375 unus
595 339 645 388 pro
669 322 801 390 pluribus.
839 328 881 378 46.
907 322 986 377 Alios

133 405 226 455 autem
257 401 348 454 dicere
367 399 453 452 ¹aiunt
474 398 666 458 multoetiam
692 398 873 466 inhumanius,
904 417 986 467 quem

134 478 231 536 locum„
243 477 365 530 breviter
387 475 537 544 perstrinxi
560 475 650 542 paullo
669 478 741 538 ante,
757 475 888 543 praesidii
907 475 986 544 adju·

133 554 274 622 mentique
287 569 374 620 causa,
387 569 441 605 non
453 550 659 612 beneuolentiae
674 568 763 619 neque
779 551 910 619 caritatis,
922 553 986 605 ami-

133 629 212 682 citias
219 645 278 682 esse
290 628 472 698 expetendas;
484 625 578 696 itaque
586 630 617 680 ut
625 628 741 695 quisque
751 627 892 689 minimum
904 629 986 682 firmi-

133 705 200 759 tatis
212 699 520 773 habeatnrinimumque
532 704 639 772 virium,
652 705 692 757 ita
704 704 838 767 amicitias
854 708 986 773 appetere

133 781 266 837 maxime:
288 798 322 835 ex
335 798 367 835 eo
386 782 446 834 fieri
462 785 494 835 ut
508 781 685 834 mulierculae
701 781 788 848 magis
804 781 985 834 amicitiarum

133 858 269 925 praesidia
281 861 414 926 quaerant
427 874 508 927 quam
521 857 581 924 viri,
594 861 622 911 et
639 857 734 925 inopes
753 874 835 924 quam
854 857 985 925 opulenti,

134 938 163 986 et
175 934 323 988 calamitosi
337 951 418 1003 quam
430 934 450 987 ii
469 934 517 1003 qui
534 938 667 1002 putantur
686 933 767 987 beati.
803 937 850 990 47:
866 934 889 986 0
903 950 986 1002 prae¹

134 1011 233 1063 claram
250 1012 409 1079 sapientiam
419 1016 425 1066 l
437 1061 446 1069 ,,
458 1011 549 1070 Solem
561 1011 633 1063 enim
646 1027 661 1064 e
672 1010 775 1064 mundo
787 1011 883 1064 tollere
894 1011 986 1064 viden,-

135 1090 181 1138 tur
199 1087 246 1154 qui
266 1086 412 1140 amicitiam
430 1087 514 1140 evita
533 1087 641 1154 tollunt,
660 1104 714 1154 qua
737 1087 805 1140 nihil
825 1104 842 1140 a
864 1086 918 1139 diis
938 1086 987 1139 im-

134 1163 294 1216 mortalibus
315 1163 411 1216 melius
441 1162 586 1230 habemus
611 1163 690 1216 nihil'
705 1163 861 1232 jucundius.
909 1162 985 1226 Quae

134 1241 177 1292 est
201 1239 272 1292 onim
291 1239 345 1292 ista
366 1239 515 1293 securitasl
536 1239 648 1306 ⁴Specie
673 1239 784 1307 quidem
806 1238 913 1305 blanda,
936 1239 985 1291 sed

134 1331 230 1384 reapse
249 1314 341 1369 multis
360 1315 426 1369 locis
442 1315 620 1384 repudianda
638 1315 754 1383 'Neque
774 1315 846 1374 enim
865 1318 908 1367 est
925 1331 985 1366 con-

135 1395 293 1444 sentaneum
305 1391 388 1444 ullam
399 1392 541 1444 honestam
555 1407 613 1443 rem
625 1392 844 1458 actionemve,ne
853 1390 985 1443 sollicitus

135 1467 178 1534 sis,
196 1471 306 1521 autnon
326 1468 464 1536 suscipere
483 1471 531 1521 aut
550 1471 704 1535 susceptam
724 1467 869 1536 deponere.
886 1476 889 1483 '
905 1465 985 1530 Quod

134 1544 157 1595 si
170 1561 260 1599 curam
272 1544 397 1611 fugimus,
407 1543 495 1604 sirtus
510 1543 641 1610 fugienda
656 1547 706 1609 est,
727 1560 797 1611 quae
813 1557 923 1595 necesse
942 1545 985 1594 est

134 1637 196 1673 cum
212 1621 303 1688 aliqua
321 1637 386 1674 cura
409 1637 454 1674 res
479 1619 530 1672 sibi
554 1619 705 1673 contrarias
724 1622 884 1686 aspernetur
899 1621 984 1686 atque

134 1696 233 1764 oderit,
245 1700 279 1758 ut
290 1695 399 1751 bonitas
420 1695 561 1763 malitiam,
580 1695 765 1765 temperantia
783 1693 933 1762 libidinem,
945 1694 984 1762 ig-

134 1773 241 1826 naviam
253 1772 392 1827 fortitudo.
429 1773 530 1841 Itaque
548 1772 643 1825 videas
664 1772 746 1826 rebus
765 1772 878 1843 injustis
893 1770 984 1839 justos

134 1850 252 1903 maalme
272 1850 372 1917 dolere,
392 1847 547 1903 imbellibus
566 1850 660 1916 fortes,
679 1848 820 1916 flagitiosis
839 1848 984 1901 modestos.

135 1925 208 1993 Ergo
220 1925 270 1979 hoc
282 1927 422 1994 proprium
435 1928 477 1978 est
496 1925 578 1978 animi
595 1923 665 1978 bene
682 1924 824 1978 constituti
839 1929 868 1977 et
887 1924 984 1977 laetari

134 2001 212 2055 bonis
231 2002 313 2055 rebus
332 2006 361 2055 et
381 2001 473 2055 dolere
493 2002 645 2055 contrariis.
690 2007 734 2055 48.
761 2000 941 2065 Quamobrem
961 2000 984 2054 si

135 2077 209 2131 cadit
220 2078 248 2131 in
261 2078 412 2147 sapientem
426 2078 509 2130 animi
529 2077 614 2142 dolor,
626 2078 673 2145 qui
691 2078 814 2145 prolecto
835 2076 916 2143 eadit,
932 2075 987 2129 nisi

136 2171 170 2207 ex
194 2152 253 2221 ejus
274 2154 365 2207 animo
389 2154 569 2221 exstirpatam
589 2153 787 2207 humanitatem
811 2152 985 2225 arbitramur,

136 2247 206 2298 quae
223 2234 362 2283 causaest
383 2247 432 2283 cur
450 2230 597 2282 amicitiam
616 2229 741 2282 funditus
753 2229 880 2282 tollamus
893 2244 908 2280 e
920 2228 985 2295 rita,

136 2324 171 2360 ne
183 2306 288 2374 aliquas
306 2311 419 2375 propter
442 2323 502 2359 eam
524 2306 702 2373 suscipiamus
717 2304 876 2363 molestias?
913 2303 986 2368 Quid

136 2383 209 2435 enim
220 2382 336 2435 interest
354 2385 430 2435 motu
441 2380 524 2434 animi
537 2380 651 2447 sublato,
664 2398 719 2433 non
734 2380 795 2433 dico
810 2380 887 2433 inter
900 2378 986 2432 homi-

135 2475 197 2511 nem
222 2461 251 2511 et
270 2457 411 2524 pecudem,
437 2456 486 2509 sed
509 2457 588 2509 inter.
605 2456 743 2509 hominem
766 2460 795 2509 et
819 2472 913 2509 saxum
938 2460 987 2511 aut

136 2539 262 2588 trmrcum
283 2536 332 2593 aut
356 2532 591 2602 quidvisgenoris
617 2532 779 2600 ejusdeml.
796 2534 894 2602 Neque
914 2533 986 2587 enim

137 2614 200 2663 sunt
220 2609 266 2662 isti
279 2608 414 2661 audiendi
419 2608 466 2676 qui
476 2609 607 2663 virtutem
620 2608 716 2663 duram
729 2610 986 2678 etquasi‘ierreasl

137 2685 346 2755 assequendam
366 2683 467 2752 volunt,
481 2701 550 2752 quae
563 2685 674 2753 quidem
687 2690 730 2739 est
742 2704 826 2755 quum
846 2685 939 2739 multis
958 2686 986 2737 in

72 2830 74 2835 Α
137 2763 218 2816 rebus
243 2766 302 2815 tum
326 2761 355 2813 in
373 2760 493 2814 amicitia
510 2764 607 2815 tenera
627 2767 710 2830 atque
729 2762 940 2829 tractabilis,.ut
958 2765 987 2814 ot

137 2838 216 2899 bonis
239 2838 317 2896 amici
331 2838 415 2906 ¹quasi
439 2837 609 2891 diffundatur
632 2842 661 2892 et
682 2839 860 2892 incommodis
883 2841 988 2890 contra-

137 2914 226 2973 hatur.
263 2912 445 2978 Quamobrem
469 2931 555 2981 angor
576 2915 629 2968 iste
653 2914 700 2982 qni
723 2930 772 2981 pro
796 2914 882 2967 amico
906 2929 987 2980 saepe

138 2989 285 3057 capiendus
305 2993 420 3043 estnon
440 2993 548 3044 tantum
567 2990 641 3043 valet
660 2992 693 3041 ut
715 2990 794 3042 tollat
811 3006 826 3042 e
847 2989 904 3041 vita
922 2989 988 3040 ami-

139 3065 239 3132 citiam,
250 3068 303 3118 non
315 3066 469 3135 plusquam
481 3070 513 3120 ut
528 3066 655 3132 virtutes,
668 3065 733 3133 quia
751 3063 893 3117 nonnullas
908 3077 988 3114 curas

140 3143 170 3196 et
181 3139 319 3193 molestias
330 3142 455 3209 afferunt,
469 3142 656 3210 repudientur.

138 3254 145 3279 a
193 3215 271 3271 XIV.
308 3216 398 3280 Quum
416 3221 508 3271 autem
525 3216 668 3271 contrahat
686 3214 842 3279 amicitiam,
854 3214 888 3266 ut
905 3225 988 3285 supra
