2200 3450
332 145 588 199 EPISTOLARUM
605 152 707 200 LIBRI
724 155 806 202 DUO.
966 159 996 205 85

145 230 295 285 Mutinensi
304 229 432 283 dicuntur
440 231 575 285 notissimi
586 232 724 287 latronum
735 235 826 289 duces.
844 235 895 290 Est
904 241 995 292 autem

145 325 198 361 uon
213 308 303 360 minus
320 310 430 374 gratum
448 312 573 364 extrema
590 309 683 364 delere
699 307 781 380 quam
799 313 888 382 prima
903 312 997 382 depel-

144 385 211 439 lere.
247 383 383 452 Equidem
402 385 601 453 'exspectabam
622 386 681 454 jam
706 391 767 440 tuas
793 388 888 442 literas
911 389 996 458 idque

145 477 206 515 cum
220 462 328 515 multis:
346 462 546 531 sperabamque
564 463 648 516 etiam
667 464 800 532 Lepidum
814 465 855 519 rei
869 465 994 534 publicae

145 538 314 608 temporibus
327 539 496 592 admonitum
516 534 607 592 tecum
624 543 656 592 'et
675 556 787 594 eumre
806 541 914 610 publica
935 559 996 612 esse

5 662 6 674 ,
82 674 83 677 ¹
144 614 287 676 facturum.
317 616 351 668 In
362 614 436 668 illam
448 615 533 682 igitur
544 631 637 668 euram
649 614 782 682 incumbe,
794 617 832 669 mi
845 617 954 686 Plance,
963 622 993 672 ut

143 707 265 758 nequae
283 691 402 745 scintilla
419 691 556 744 teterrimi
574 691 639 744 belli
657 691 837 761 relinquatur.
875 693 994 757 Quodsi

143 767 198 820 crit
213 768 323 832 factum,
337 770 366 821 et
380 784 440 821 rem
456 767 591 835 publicam
608 767 699 821 divino
714 767 846 823 beneficio
864 769 992 834 affeceris,

143 842 256 971 §.ipse
278 847 418 898 aeternam
442 843 557 911 gloriam
581 860 755 912 consequere.
798 846 835 900 D.
856 860 898 900 111.
922 845 991 901 Non.

174 935 208 973 al·
464 941 470 952 ,
848 943 849 946 ,

397 1058 435 1104 31.
471 1056 598 1126 brenno
616 1057 738 1106 ranno.

410 1159 456 1221 (rx.
470 1161 509 1208 23.
543 1174 569 1208 A.
583 1173 608 1210 n.
623 1173 644 1209 e.
658 1161 723 1223 708.)

143 1243 212 1297 Heri
224 1244 286 1298 veni
298 1245 327 1297 in
340 1245 506 1300 Cumanum:
525 1264 585 1301 cras
598 1248 634 1301 ad
642 1252 671 1301 te
680 1249 804 1301 fortasse.
835 1247 892 1300 Sed
905 1264 988 1315 quum

141 1323 247 1374 eertum
265 1322 356 1388 seiam,
378 1323 476 1376 faciam
495 1327 524 1378 te
541 1325 632 1393 paullo
654 1328 718 1378 anto
737 1323 891 1378 certiorem.
926 1323 988 1376 Etsi

141 1397 180 1451 M.
198 1397 354 1466 Caeparius,
375 1415 460 1466 quum
478 1400 546 1453 mihi
566 1401 594 1452 in
616 1401 683 1452 silva
708 1398 857 1452 Gallinaria
880 1399 987 1454 obviam

140 1474 268 1540 venisset,
285 1474 509 1542 quaesissemque
523 1475 591 1544 quid
609 1492 713 1542 ageres,
734 1476 805 1529 dixit
822 1479 852 1529 te
869 1475 988 1530 inlecto

140 1551 288 1619 essequod
304 1568 339 1605 ex
354 1551 473 1620 pedibus
487 1551 634 1606 laborares.
670 1553 730 1605 Tuli
745 1553 850 1606 scilieet
865 1552 988 1617 moleste,
1045 1604 1048 1610 .

140 1632 173 1681 nt
193 1628 295 1695 debui3
323 1629 372 1683 sed
391 1632 485 1683 tamen
502 1629 632 1684 constitui
652 1628 688 1682 ad
707 1633 735 1683 te
752 1628 888 1682 venirent
903 1632 932 1681 et
949 1629 986 1680 vi-

140 1703 235 1758 derem
256 1709 286 1759 te
305 1712 335 1761 et
353 1705 470 1759 viserem
491 1709 521 1760 et
541 1721 684 1760 caenarem
705 1705 794 1760 etiam.
831 1703 856 1757 N
859 1720 893 1758 on
914 1704 986 1759 enirn

139 1780 259 1835 arbitror
274 1798 368 1836 cocum
381 1782 465 1835 etiam
477 1786 507 1836 te
519 1781 693 1836 arthriticum
705 1781 814 1835 habere.
849 1781 986 1849 Exspecta

138 1855 224 1924 igitur
242 1857 378 1927 hospitem
397 1874 482 1925 quum
502 1857 614 1911 minime
633 1856 745 1911 edacem
763 1861 823 1911 tum
847 1856 985 1923 inimicum

137 1932 228 1987 eoenis
240 1933 413 2003 sumptuosis.

331 2069 369 2115 32.
396 2066 524 2115 CICERO
541 2065 789 2116 DOLABELLAE.

408 2160 509 2235 (rx.12.'
542 2185 569 2221 n.
582 2184 608 2221 n.
622 2184 644 2219 e.
658 2170 723 2233 709.)

137 2258 267 2314 Gratulor
279 2260 354 2313 Baiis
365 2260 474 2326 nostris,
484 2258 630 2328 siquidem,
642 2262 675 2312 ut
689 2258 793 2325 scribis,
805 2259 930 2312 salubres
941 2277 982 2313 re·

135 2340 220 2404 pente
237 2338 326 2390 factae
345 2339 423 2401 sunt3
446 2336 500 2389 nisi
518 2336 590 2389 forte
609 2338 638 2389 te
657 2338 750 2387 amant
772 2337 801 2388 et
819 2334 871 2388 tibi
892 2352 982 2392 asseu-

136 2414 281 2480 tant1n,et
296 2410 403 2469 tamdiu
419 2411 486 2465 dum
499 2416 531 2465 tu
545 2410 612 2464 ades
627 2415 691 2464 sunt
703 2410 804 2464 oblitae
817 2410 867 2464 sui.
902 2411 982 2475 Quod

135 2488 246 2556 quidem
262 2488 284 2542 si
300 2488 341 2541 ita
355 2491 405 2552 est,
417 2487 529 2541 minime
543 2488 628 2540 miror
640 2486 744 2540 caelum
757 2487 840 2540 etiam
852 2490 882 2540 et
893 2491 984 2541 terras

134 2565 189 2617 vim
202 2582 286 2631 suam,
295 2565 319 2617 si
328 2564 381 2617 tibi
393 2564 433 2618 ita
444 2564 593 2631 conveniat,
603 2563 751 2618 dimittere.
776 2562 982 2619 Oratiunculam

134 2657 184 2708 pro
198 2641 330 2695 Deiotaro
347 2647 432 2708 quani
446 2639 607 2707 requirebas
623 2638 758 2693 habebam
776 2636 982 2709 nrecun1‚'qued

134 2733 188 2769 non
210 2721 344 2786 putaram.
390 2715 489 2783 Itaque
507 2733 568 2769 eam
586 2715 724 2779 tibimiri,
743 2732 825 2784 quam
842 2715 924 2769 velim
942 2717 982 2770 sic

133 2792 207 2860 legas
219 2797 252 2847 ut
263 2809 372 2847 eausam
382 2796 493 2847 tenuem
506 2796 536 2846 et
547 2792 656 2861 inopem
668 2808 719 2845 nce
728 2791 874 2861 scriptione
882 2808 982 2861 magno

132 2884 216 2936 opere
227 2868 345 2937 dignam.
382 2868 438 2922 Sed
449 2884 501 2936 ego
512 2868 615 2938 hospiti
627 2868 715 2922 veteri
728 2872 757 2922 et
769 2868 856 2921 amieo
871 2884 981 2921 munus-

131 2944 223 2997 culum
241 2943 465 3013 mittero[volui]
482 2944 628 3010 levidense,
645 2962 736 2999 crasso
753 2943 807 3010 file,
826 2943 979 3011 cujusmodi

131 3021 218 3090 ipsius
241 3021 330 3074 solent
353 3036 414 3075 esse
436 3037 557 3075 munera
595 3022 635 3075 Tu
653 3022 734 3075 velim
752 3020 843 3074 animo
864 3020 980 3088 sapienti

130 3096 251 3164 fortique
260 3096 298 3151 sis
308 3099 341 3151 ut
352 3099 402 3151 tua
412 3096 565 3151 moderatio
574 3100 603 3152 et
611 3100 732 3171 gravitas
741 3097 857 3151 aliorum
866 3095 980 3148 infamat

130 3172 266 3243 lupariam.
