2200 3450
340 190 430 238 CATO
449 189 580 236 furassit.
616 188 693 235 CAP.
712 187 752 232 Xl
762 188 779 231 l.
955 190 984 235 1³

136 288 242 340 cunque
259 271 369 323 defendi
384 287 454 323 nunc
473 285 557 337 quum
573 269 691 322 maxime
704 269 816 320 conficio
828 269 983 323 orationes:

134 347 180 414 jus
198 347 347 415 augurium,
359 346 536 415 pontificium,
554 345 633 400 civile
649 348 752 398 tracto:
770 345 887 399 multum
902 345 985 400 etiam

137 423 248 478 Graecis
269 422 369 475 litteris
397 426 466 488 utor,
493 421 781 490 Pythagoreorumque
809 437 884 474 more
908 439 985 475 exer-

137 499 238 552 cendae
261 499 409 552 memoriae
436 499 532 566 gratia,
558 498 625 566 quid
651 514 760 566 quoque
789 497 834 550 die
864 497 985 560 dixerim,

136 575 276 642 audierim,
290 575 400 642 egerim,
412 591 593 628 commemoro
606 573 718 641 vesperi,
755 573 818 626 Hae
835 578 897 626 sunt
909 591 985 627 exer-

86 663 91 671 ·
136 651 279 704 citationes
295 651 403 719 ingenii,
421 651 490 704 haec
509 650 642 703 curricula
663 650 774 715 mentis:
798 649 825 702 in
844 648 887 702 his
906 651 985 702 desu-

137 727 205 780 dans
226 732 308 796 atque
327 727 468 780 elaborans
485 727 605 794 corporis
621 726 693 778 vires
714 742 767 778 non
784 742 882 793 magno
902 743 985 794 opere

137 805 269 858 desidero.
306 805 413 858 Adsum
431 804 537 856 amieis:
556 803 635 855 renio
655 803 683 854 in
704 802 834 856 Senatum
856 797 986 870 frequens

137 880 263 948 ultroque
286 879 369 932 affero
392 896 437 932 res
461 879 576 932 multum
601 883 631 932 ct
655 879 702 931 diu
723 880 863 946 cogitatas,
885 895 985 947 casque

136 959 214 1008 tueor
237 956 319 1008 animi
343 972 396 1008 non
422 955 540 1022 eorporis
566 955 675 1006 viribus.
726 955 802 1018 Quae
825 955 848 1007 si
872 955 985 1023 exsequi

136 1035 284 1101 nequirem,
303 1036 396 1086 tamen
411 1047 455 1084 me
473 1031 589 1084 lectulus
608 1031 758 1085 oblectaret
777 1048 854 1084 meus
873 1048 906 1084 ea
926 1032 986 1099 ipsa

137 1111 302 1176 cogitantem
316 1125 385 1177 quae
400 1109 459 1176 jam
471 1124 554 1176 agere
565 1122 625 1159 -non
637 1124 759 1176 possem;
777 1109 827 1161 sed
839 1111 871 1161 nt
882 1109 983 1176 possim

135 1186 201 1240 hrcit
218 1190 280 1239 acta
296 1186 362 1239 vita.
398 1186 512 1254 Semper
524 1183 597 1238 enim
614 1184 643 1236 in
659 1185 702 1237 his
719 1185 818 1238 studiis
835 1184 983 1237 laboribus

136 1278 192 1330 que
205 1261 305 1316 viventi
326 1279 380 1316 11011
399 1261 564 1330 intelligitur
585 1262 693 1331 qnando
714 1261 830 1330 obrepat
849 1264 982 1314 senectus

136 1337 182 1390 Ita
199 1339 298 1392 sensim
312 1338 370 1392 sine
382 1355 462 1392 sensu
475 1342 552 1392 aetas
565 1338 694 1403 senescit;
712 1354 763 1390 nec
779 1337 871 1389 subito
883 1336 984 1404 frangi-

135 1415 188 1478 tur,
201 1414 248 1468 sed
262 1414 443 1467 diuturnitate
457 1412 635 1478 extinguitur.

187 1489 256 1544 Xll.
282 1495 321 1544 39.
333 1489 470 1557 'Sequitur
481 1488 565 1540 tertia
573 1487 737 1556 rituperatio
750 1489 899 1540 senectutis
911 1488 984 1554 quod

135 1581 196 1619 eam
214 1582 308 1620 carere
324 1565 418 1618 dicunt
433 1561 627 1631 voluptatibus.
664 1561 687 1614 Ο
701 1562 868 1630 praeclarum
886 1579 983 1615 munus

135 1643 241 1708 aetatis,
260 1641 284 1695 si
303 1640 413 1709 quidem
430 1641 459 1693 id
477 1640 568 1692 aufert
584 1638 663 1690 nobis
680 1637 754 1706 quod
773 1640 815 1690 est
833 1638 861 1690 in
880 1638 983 1692 adoles-

135 1717 225 1771 centia
247 1716 462 1771 vitiosissimum!
506 1714 632 1782 Accipite
656 1714 734 1776 enim,
759 1713 854 1782 optimi
879 1714 984 1768 adoles-

73 1842 78 1855 ,
135 1796 235 1859 centes,
253 1797 375 1847 veterem
397 1792 546 1845 orationem
567 1791 706 1859 Archytae
726 1791 872 1859 Tarentini,
892 1793 983 1859 magni

135 1870 162 1921 in
174 1870 268 1937 primis
281 1873 311 1923 ct
322 1868 454 1938 praeclari
472 1868 529 1931 viri,
548 1884 619 1936 quae
637 1867 702 1919 mihi
721 1867 828 1920 tradita
842 1871 884 1920 est
899 1886 982 1937 quum

135 1962 222 1999 essem
242 1946 399 2000 adolescens
421 1945 531 1998 Tarenti
552 1959 615 1997 cum
638 1943 671 2007 Q.
692 1944 825 1998 Maximo:
849 1944 981 1996 “Nullam

134 2022 319 2089 capitaliorem
330 2026 437 2091 pestem
452 2037 534 2090 quam
551 2020 671 2088 corporis
688 2020 857 2089 voluptatem
869 2019 982 2072 homini-

133 2096 184 2149 bus
204 2098 314 2152 dicebat
337 2116 354 2151 a
377 2102 475 2152 natura
494 2098 595 2167 datam,
616 2097 694 2165 cujus
715 2096 862 2163 voluptatis
886 2096 983 2149 avidae

134 2172 260 2227 libidines
271 2176 376 2228 temere
388 2179 416 2228 et
429 2174 561 2228 effrenate
573 2173 610 2231 ad
622 2172 782 2240 potiundam
797 2171 982 2224 incitarent-ur.

133 2256 173 2303 40.
201 2251 272 2305 llinc
291 2252 396 2319 patriae
417 2250 592 2319 proditiones,
616 2248 679 2302 hine
700 2265 791 2301 rerum
814 2246 981 2315 publicarum

134 2327 294 2393 eversiones,
319 2326 382 2379 hinc
409 2343 470 2379 cum
498 2325 624 2379 hostibus
655 2324 823 2377 clandestina
850 2323 982 2391 colloquia

133 2402 220 2468 nasci;
246 2402 347 2454 nullum
367 2402 485 2469 denique
510 2401 606 2466 scelus,
630 2400 732 2453 nullum
759 2399 858 2451 malum
878 2400 982 2453 facinus

83 2475 89 2485 ’
133 2494 200 2544 esse,
213 2478 249 2531 ad
262 2477 336 2546 quod
347 2477 548 2545 suscipiendum
560 2493 614 2529 non
631 2477 716 2530 libido
728 2475 876 2544 voluptatis
888 2476 982 2544 impel-

132 2553 219 2619 leret;
238 2557 333 2621 stupra
349 2570 414 2606 vero
433 2557 467 2617 et,
479 2552 616 2606 adulteria
634 2557 663 2606 ot
681 2570 759 2606 omne
778 2552 833 2605 talc
849 2552 980 2620 flagitium

132 2630 212 2683 nullis
225 2628 339 2683 excitari
354 2629 413 2683 aliis
432 2629 568 2684 illecebris
580 2629 632 2682 nisi
644 2629 799 2698 voluptatis.
837 2628 982 2696 Quuruque

132 2705 233 2775 homini
251 2706 308 2759 sive
324 2709 422 2759 natura
439 2707 495 2759 sive
513 2707 575 2775 quis
593 2706 662 2759 deus
679 2706 745 2758 nihil
758 2708 851 2758 nrcntc
863 2709 982 2771 praesta-

132 2780 213 2835 bilius
232 2782 363 2849 dedisset,
383 2781 447 2835 huie
462 2784 553 2837 divino
573 2784 678 2836 muneri
696 2799 728 2835 ac
747 2782 818 2833 dono
835 2780 902 2832 nihil
921 2797 982 2833 esse

132 2860 188 2911 tam
200 2858 340 2912 inimicum
353 2876 435 2925 quam
446 2859 624 2928 voluptatem.
654 2866 695 2912 41.
714 2859 740 2911 N
742 2868 773 2911 ec
785 2858 857 2910 enim
869 2855 982 2909 libidine

132 2932 289 2987 dominante
307 2936 506 3002 temperantiae
523 2935 610 2988 locum
634 2951 700 3001 esse,
720 2950 810 3001 neque
828 2933 937 2985 omnino
955 2932 982 2984 in

131 3008 278 3077 voluptatis
295 3026 380 3077 regno
398 3010 528 3063 virtutem
546 3027 626 3079 posse
642 3010 799 3063 consistere.
837 3006 982 3074 Quodque

131 3086 219 3152 magis
231 3084 348 3151 intelligi
361 3091 461 3153 posset,
475 3086 580 3154 fingere
591 3086 681 3138 animo
695 3085 815 3153 jubebat
826 3086 904 3137 tanta
916 3081 982 3131 inci-

131 3163 221 3213 tatum
233 3161 351 3229 aliquem
364 3160 505 3229 voluptate
523 3162 643 3229 corporis
661 3164 764 3227 quanta
775 3157 877 3227 percipi
890 3156 982 3220 posset

133 3237 264 3290 maxima:
290 3236 392 3289 nemini
412 3238 542 3290 censebat
560 3238 619 3289 fore
637 3234 752 3289 dubium
777 3233 843 3299 (11111
871 3226 982 3289 sanun,

165 3309 179 3351 2
