2200 3450
94 154 125 203 82
319 159 358 208 Μ.
376 156 505 207 TULLII
522 156 711 205 CICERONIS

283 273 324 319 23.
359 271 487 320 CICERO
502 271 711 320 CORNIFICIO
729 270 753 320 S.

356 372 414 435 (xa.
427 374 468 423 27.
503 385 529 420 s.
543 383 568 419 ιι.
581 383 603 419 e.
618 371 685 432 710.)

94 451 155 505 Sex.
173 449 304 502 Aufidius
322 453 352 504 et
369 449 544 511 observantia
562 465 618 518 qua
636 466 681 504 me
699 449 765 504 colit
784 449 891 506 aceedit
909 450 946 505 ad

93 525 241 599 proximos,
264 529 295 578 et
316 525 463 592 splendore
475 525 575 594 -equiti
595 525 718 580 Romano
742 524 844 578 nemini
864 525 946 580 cedit

94 602 146 655 Est
156 604 250 654 autem
261 601 302 654 ita
313 601 475 669 temperatis
487 601 692 670 moderatisque
702 600 824 655 moribus
835 605 867 654 ut
877 618 947 654 sum-

93 693 139 730 ma
150 677 283 730 severitas
298 693 404 730 summa
421 694 484 732 eum
497 676 670 731 humanitate
683 677 825 745 jungatur.
862 677 947 743 Cujus

94 752 146 807 tibi
158 753 269 820 negotia
281 769 352 821 qnae
364 757 429 806 sunt
441 754 469 806 in
482 754 578 809 Africa
587 755 626 807 ita
636 753 794 807 commendo
803 756 836 806 ut
844 752 947 820 majore

95 828 187 883 studio
199 829 320 896 magisve
333 845 367 881 ex
379 830 469 882 anim'o
481 830 673 883 commendare
686 847 739 882 non
748 829 857 898 possim.
882 829 948 882 Per·

94 907 205 972 gratum
220 903 291 960 mihi
308 904 414 973 feceris,
427 905 450 960 si
468 905 580 962 dederis
598 923 711 975 operam
725 910 758 959 ut
773 906 797 958 is
812 905 949 971 intelligat

96 997 171 1034 meas
186 979 260 1048 apud
276 983 306 1033 tc
319 980 414 1034 literas
427 981 578 1034 maximum
592 982 699 1050 pondus
715 981 851 1036 habuisse.
887 980 949 1034 Hoc

96 1060 126 1111 te
137 1055 321 1129 vehementer,
334 1057 371 1109 mi
386 1057 521 1125 Cornifiei,
533 1074 608 1126 roge.

157 1193 196 1243 24.
231 1193 359 1243 CICERO
375 1194 400 1243 S.
419 1191 678 1243 D.'00RN1F1010
694 1193 890 1258 COLLEGAE.

357 1290 416 1353 (ιιι.
432 1292 471 1342 17.
507 1305 533 1340 Δ.
547 1304 572 1341 u.
586 1303 608 1340 e.
621 1291 689 1354 709¹.)

99 1371 186 1422 Grata
203 1369 271 1422 mihi
289 1370 469 1424 vehementer
487 1374 531 1424 est
549 1370 681 1425 memoria
699 1369 788 1424 nostri
805 1373 854 1422 tua
868 1383 955 1436 quam¹

99 1445 258 1512 significasti
276 1445 379 1512 literis3
397 1463 479 1515 quam
497 1450 530 1500 ut
547 1463 697 1511 conserves,
709 1462 763 1499 non
780 1461 835 1513 qno
851 1444 887 1497 do
902 1448 951 1497 tua

98 1522 252 1576 constantia
266 1521 390 1576 dubitem
407 1522 456 1576 sed
473 1522 538 1592 quia
552 1538 610 1576 mos
627 1526 671 1576 est
685 1522 727 1576 ita
742 1520 864 1590 rogandi,
877 1535 951 1587 rogo.

82 1597 141 1650 ‘Ex
160 1598 239 1667 Syria
257 1597 337 1652 nobis
356 1599 569 1652 tumultuosiora
582 1595 718 1667 quaedam
734 1597 858 1651 nuntiata
872 1600 952 1660 sunt3

99 1690 177 1742 qaaere,
192 1673 256 1741 quia
267 1673 318 1727 tibi
331 1678 396 1728 sunt
407 1675 535 1744 propiora
550 1691 632 1743 quam
648 1673 733 1742 nobis,
746 1676 795 1727 tua
810 1689 855 1727 mo
870 1688 953 1725 eausa

100 1750 186 1816 iringis
198 1753 310 1803 movent
324 1765 406 1818 quam
422 1767 489 1803 mea
527 1752 632 1805 Romae
649 1768 784 1804 summum
799 1751 886 1803 otium
901 1752 952 1815 est,

100 1824 150 1878 sed
161 1825 201 1877 ita
213 1827 245 1877 ut
257 1824 337 1877 malis
349 1824 458 1879 salubre
470 1826 582 1895 aliquod
596 1831 625 1880 et
639 1826 785 1879 honestum
800 1826 954 1893 negotium:

100 1900 175 1969 quod
188 1916 268 1968 spero
279 1900 344 1954 fore.
368 1900 459 1956 Video
470 1902 500 1955 id
512 1918 594 1956 curae
606 1918 666 1956 esse
677 1901 793 1955 Caesari.
817 1902 865 1955 Me
876 1901 952 1968 seito,

100 1978 166 2030 dum
183 1980 217 2030 tu
233 1975 315 2045 absis,
328 1978 406 2046 quasi
424 1979 593 2035 occasionem
612 1978 749 2047 quandam
767 1982 796 2032 et
814 1976 952 2031 licentiam

46 2122 50 2125 ἢ
102 2057 210 2107 naetum
231 2052 351 2107 seribere
374 2054 519 2121 audacius3
542 2058 572 2108 et
595 2057 688 2109 cetera
707 2054 818 2123 quidem
837 2054 953 2107 tortasse

101 2146 172 2198 quae
184 2130 267 2185 etiam
279 2133 312 2183 tu
323 2130 501 2185 concederes:
519 2130 570 2185 sed
582 2132 706 2200 proxime
723 2130 819 2199 scripsi
832 2131 867 2184 de
884 2130 955 2198 opti-

102 2222 146 2259 mo
165 2222 266 2275 genere
286 2205 402 2272 dicendi,
421 2206 450 2260 in
466 2224 521 2277 quo
539 2212 621 2276 saepe
641 2208 794 2276 suspicatus
812 2222 872 2261 sum
891 2211 921 2260 te
938 2224 971 2280 a·

100 2281 203 2349 judicio
221 2286 323 2350 nostro,
339 2283 378 2338 sie
397 2284 501 2340 seilicet
520 2285 680 2338 ut-doetum
696 2284 833 2337 hominem
847 2282 884 2351 ab
901 2299 955 2336 non

102 2358 219 2425 indocto,
240 2359 390 2427 paullulum
410 2360 553 2415 dissidere.
591 2360 664 2414 Huic
687 2364 720 2414 tu
743 2359 814 2413 libro
837 2359 956 2413 maxirne

103 2435 184 2489 velim
203 2450 243 2489 ,ex
266 2436 365 2503 animo,
389 2436 412 2490 si
437 2437 534 2504 minus,
559 2437 665 2504 gratiae
692 2452 774 2489 eausa
799 2434 955 2502 suffragare.

104 2511 201 2565 Dicam
208 2512 266 2565 tuis
274 2516 307 2566 ut
316 2529 387 2580 enm,
395 2513 418 2565 si
428 2513 520 2581 velint,
531 2512 689 2566 describant
698 2512 734 2566 ad
742 2515 827 2579 teque
836 2512 957 2587 mittant.

104 2587 176 2641 Puto
195 2587 274 2654 enim,
287 2587 396 2641 etiamsi
413 2605 472 2642 rem
490 2588 581 2643 minus
599 2588 736 2658 probabis,
748 2592 841 2641 tamen
858 2587 888 2639 in
904 2587 958 2639 ista

104 2662 251 2716 solitudine
270 2663 442 2733 quidquid'a
456 2681 501 2717 me
515 2665 669 2733 profectum
687 2665 723 2721 sit
736 2664 889 2732 jucundum
906 2662 957 2715 tibi

104 2739 169 2795 fore.
206 2739 286 2803 Quod
306 2741 373 2793 mihi
396 2741 626 2795 existimationem
644 2746 720 2795 tuam
740 2739 958 2808 dignitatemque

104 2816 285 2882 commendas,
298 2817 365 2870 facis
383 2821 415 2871 ιιι
432 2817 544 2885 quidem
564 2818 683 2871 omnium
702 2834 792 2883 more;
810 2816 860 2870 sed
879 2815 958 2869 velim

105 2892 145 2945 sic
156 2892 303 2958 existimes,
314 2911 359 2946 me
375 2910 460 2963 quum
476 2894 562 2947 amori
578 2910 661 2963 quem
677 2895 751 2947 inter
768 2909 818 2946 nos
832 2895 959 2946 mutuum

106 2983 166 3023 esse
184 2968 336 3037 intelligam
353 2969 502 3039 plurimum
520 2969 650 3037 tribuam,
662 2974 722 3023 tum
741 2969 777 3023 do
796 2974 902 3024 summo
919 2968 961 3022 in-

105 3044 186 3111 genio
203 3047 233 3099 et
250 3044 287 3099 de
301 3046 402 3101 studiis
419 3047 475 3100 tuis
491 3046 603 3115 optimis
618 3049 647 3099 et
662 3045 697 3099 de
712 3060 760 3113 spe
776 3045 960 3113 amplissimae

107 3119 251 3187 dignitatis
259 3122 299 3175 ita
306 3122 433 3191 judicare
444 3126 477 3177 ut
487 3122 624 3176 neminem
636 3120 688 3175 tibi
703 3123 876 3189 anteponam,
889 3136 961 3174 com-

8 3217 9 3220 *
108 3209 204 3263 parem
214 3213 321 3265 paucos.
