2200 3450
348 405 387 460 M.
409 404 540 458 TULLII
566 403 772 460 CICERONIS

154 537 263 612 caro
295 537 443 609 uaros
477 537 666 612 ursus
700 497 987 611 suanorum·

501 675 505 681 ¹
543 669 582 707 sn

286 768 318 825 Τ.
343 767 609 826 POMPONIUM
629 766 830 824 ATTIOUM.

466 920 664 929 ———

208 1026 233 1076 I.
270 1027 292 1075 l.
317 1027 338 1076 Ο
350 1027 413 1087 Tite,
424 1027 444 1074 si
452 1028 512 1090 quid
519 1045 565 1092 ego
573 1029 673 1094 adJuero
686 1043 802 1076 curamve
812 1028 908 1075 levasso

314 1091 382 1148 Quae
393 1109 460 1140 nune
472 1098 496 1140 te
508 1096 593 1156 coquit
604 1100 630 1141 et
640 1097 723 1141 versat
733 1093 758 1139 in
771 1098 869 1154 pectore
879 1092 937 1148 fixa,

314 1155 411 1218 Ecquid
423 1158 470 1204 erit
480 1159 590 1220 praemit

145 1240 223 1294 Licet
235 1241 386 1294 enimmihi
397 1241 521 1296 versibus
539 1242 644 1296 eisdem
661 1242 738 1295 affari
757 1247 793 1308 tc,
811 1240 922 1306 Attice,
931 1239 989 1307 qui

146 1317 196 1370 bus
214 1316 312 1370 affatur
330 1317 511 1370 Flaurininum

258 1408 304 1455 Ille
315 1409 353 1455 vir
364 1409 431 1456 haud
441 1425 533 1470 magna
544 1425 601 1456 cum
611 1426 646 1467 re,
659 1409 702 1456 sed
712 1408 796 1471 plenu'
806 1409 871 1458 fidei.

147 1493 317 1562 Quamquam
330 1495 406 1546 certo
419 1493 481 1559 scic,
492 1509 553 1559 non,
564 1497 597 1547 ut
609 1493 797 1558 Flamininum,

259 1567 391 1642 Sollicitari
401 1597 434 1654 te,
446 1594 509 1653 Tite,
524 1594 559 1641 sic
570 1599 704 1658 noctesque
715 1594 822 1657 diesque.

150 1688 219 1743 Novi
229 1687 301 1741 enim
313 1687 529 1743 moderationem
540 1688 623 1742 animi
634 1689 676 1743 tui
688 1692 717 1744 et
725 1689 900 1759 aequitatem,
907 1691 993 1759 teque

148 1782 201 1818 non
213 1780 361 1831 cognomen
378 1764 465 1817 solum
477 1764 597 1819 Athenis
609 1765 769 1834 deportasse
781 1767 831 1820 sed
842 1767 994 1820 humanita-

149 1841 257 1903 temet
279 1838 455 1908 prudentiam
478 1840 608 1909 intelligo,
649 1842 686 1895 lit
708 1846 801 1896 tamen
821 1845 850 1896 te
872 1842 994 1911 suspicor

150 1915 253 1971 eisdem
271 1914 354 1969 rebus
373 1916 472 1984 quibus
490 1916 624 1986 meipsum
642 1918 781 1972 interdum
797 1919 907 1985 gravius
922 1934 994 1971 com-

150 1991 258 2057 moveri,
271 2008 386 2061 quarum
398 1992 545 2047 consolatio
562 1998 591 2047 et
607 1993 694 2063 major
706 1998 749 2047 est
761 1995 828 2048 etin
840 1994 914 2047 aliud
925 1997 994 2047 tem-

150 2086 201 2137 pus
213 2067 371 2121 differenda.
407 2068 432 2122 N
435 2072 488 2122 unc
504 2072 597 2123 autem
609 2070 698 2122 visum
715 2074 759 2123 cst
775 2069 843 2122 mihi
856 2069 891 2122 dc
903 2086 994 2123 senec-

152 2148 212 2197 tute
232 2144 337 2212 aliquid
357 2144 394 2198 ad
417 2147 446 2198 tc
469 2145 646 2199 conscribere.
690 2152 713 2198 2.
745 2145 806 2199 Hoc
824 2145 895 2198 euim
913 2161 996 2197 onere

152 2220 225 2287 quod
245 2220 311 2272 mihi
333 2237 474 2274 commune
495 2224 587 2275 tecum
605 2227 648 2274 cst
666 2225 715 2275 aut
729 2221 789 2287 jam
806 2220 930 2288 urgentis
947 2222 996 2273 aut

152 2300 226 2349 certe
242 2295 416 2350 adventantis
440 2297 588 2350 senectutis
609 2302 637 2351 et
651 2301 679 2351 tc
695 2302 725 2353 et
741 2314 786 2351 me
802 2296 891 2365 ipsum
912 2295 996 2348 levari

153 2371 227 2425 volo:
246 2372 298 2425 etsi
309 2375 338 2425 te
350 2371 462 2440 quidem
474 2372 504 2424 id
515 2372 622 2425 modice
633 2389 665 2426 ac
677 2375 814 2441 sapienter
826 2372 897 2424 sicrrt
907 2372 998 2425 omnia

153 2450 183 2501 ct
194 2448 265 2501 ferre
278 2450 306 2500 et
318 2447 437 2501 laturum
450 2464 510 2501 esse
522 2452 596 2501 certo
609 2448 671 2503 scio.
707 2448 764 2502 Sed
774 2447 848 2513 mihi,
861 2464 946 2516 quum
962 2448 998 2501 de

154 2526 294 2576 senectute
305 2523 404 2575 vellem
415 2523 520 2592 aliquid
533 2523 662 2593 scribere,
678 2528 711 2579 tu
728 2522 888 2578 occurrebas
900 2523 998 2591 dignus

154 2615 186 2652 eo
198 2614 311 2654 munere
323 2615 377 2667 quo
392 2602 511 2667 uterque
526 2602 651 2653 nostrum
669 2600 848 2654 communiter
864 2602 998 2653 uteretur.

154 2674 224 2727 Mihi
242 2674 353 2743 quidem
365 2675 410 2729 'ita
422 2673 546 2743 jucunda
563 2676 646 2745 hujus
663 2676 727 2731 libri
747 2676 880 2731 confectio
896 2675 951 2727 fuit
968 2676 1000 2727 ut

153 2766 207 2803 non
224 2750 306 2803 modo
323 2766 417 2803 omnes
436 2750 598 2805 absterserit
619 2753 769 2806 senectutis
786 2750 932 2817 molestias,
950 2749 1001 2803 sed

154 2826 274 2879 effecerit
285 2824 394 2879 mollem
407 2825 490 2880 etiam
508 2830 537 2881 et
549 2826 701 2893 jucundam
713 2830 890 2881 senectutem.
924 2825 951 2879 N
952 2842 1001 2878 un-

154 2917 237 2969 quam
247 2900 334 2969 igitur
344 2900 451 2955 laudari
469 2903 536 2957 satis
554 2902 636 2971 digne
648 2902 819 2971 philosophia
830 2901 941 2970 poterit,
957 2900 1001 2954 cui

155 2976 202 3044 qui
220 2980 316 3044 pareat
336 2978 414 3031 eume
432 2975 543 3045 tempus
564 2980 664 3031 aetatis
688 2979 745 3031 sine
768 2977 894 3031 molestia
914 2975 1002 3045 possit

155 3051 264 3119 degere.
296 3058 320 3107 3.
344 3052 400 3107 Sed
416 3044 456 3122 de
468 3054 568 3107 ceteris
586 3058 615 3107 et
633 3054 752 3107 diximus
769 3054 856 3106 multa
873 3055 903 3105 ct
920 3065 1002 3116 saepe

156 3126 290 3181 dicemus:
315 3127 386 3183 hunc
408 3128 510 3190 librum
534 3130 570 3182 de
594 3131 736 3183 senectute
759 3128 796 3181 ad
819 3131 849 3180 te
872 3124 1002 3179 misimus

156 3201 270 3255 Omnem
292 3207 385 3257 autem
410 3204 563 3258 sermonem
587 3198 734 3257 tribuimus
756 3220 810 3256 raon
829 3201 952 3266 Tittoua,
969 3198 1003 3250 ut
