<?xml version="1.0" encoding="UTF-8"?>
<!DOCTYPE html PUBLIC "-//W3C//DTD XHTML 1.0 Transitional//EN"
    "http://www.w3.org/TR/xhtml1/DTD/xhtml1-transitional.dtd">
<html xmlns="http://www.w3.org/1999/xhtml" xml:lang="en" lang="en">
 <head>
  <title>
</title>
<meta http-equiv="Content-Type" content="text/html;charset=utf-8" />
  <meta name='ocr-system' content='tesseract 3.04.00' />
  <meta name='ocr-capabilities' content='ocr_page ocr_carea ocr_par ocr_line ocrx_word'/>
</head>
<body>
  <div class='ocr_page' id='page_1' title='image "./catomajorsivede00longgoog_0010.png"; bbox 0 0 2200 3450; ppageno 0'>
   <div class='ocr_carea' id='block_1_1' title="bbox 102 202 737 254">
    <p class='ocr_par' dir='ltr' id='par_1_1' title="bbox 102 202 737 254">
     <span class='ocr_line' id='line_1_1' title="bbox 102 202 737 254; baseline -0.006 0"><span class='ocrx_word' id='word_1_1' title='bbox 102 207 118 254; x_wconf 77' lang='lat'>2</span> <span class='ocrx_word' id='word_1_2' title='bbox 335 203 373 250; x_wconf 91' lang='lat' dir='ltr'><strong>M.</strong></span> <span class='ocrx_word' id='word_1_3' title='bbox 391 202 515 251; x_wconf 85' lang='lat' dir='ltr'>TULLII</span> <span class='ocrx_word' id='word_1_4' title='bbox 532 203 737 252; x_wconf 77' lang='lat' dir='ltr'><strong>CICERONIS·</strong></span> 
     </span>
    </p>
   </div>
   <div class='ocr_carea' id='block_1_2' title="bbox 101 281 951 2243">
    <p class='ocr_par' dir='ltr' id='par_1_2' title="bbox 101 281 950 1018">
     <span class='ocr_line' id='line_1_2' title="bbox 102 281 949 351; baseline -0.004 -13"><span class='ocrx_word' id='word_1_5' title='bbox 102 283 199 337; x_wconf 83' lang='lat' dir='ltr'>Aristo</span> <span class='ocrx_word' id='word_1_6' title='bbox 211 282 302 350; x_wconf 84' lang='lat' dir='ltr'><strong>Ohius,</strong></span> <span class='ocrx_word' id='word_1_7' title='bbox 319 299 416 351; x_wconf 86' lang='lat' dir='ltr'><strong>parum</strong></span> <span class='ocrx_word' id='word_1_8' title='bbox 433 282 505 336; x_wconf 87' lang='lat' dir='ltr'><strong>enim</strong></span> <span class='ocrx_word' id='word_1_9' title='bbox 523 286 598 336; x_wconf 88' lang='lat' dir='ltr'><strong>esset</strong></span> <span class='ocrx_word' id='word_1_10' title='bbox 615 282 787 336; x_wconf 73' lang='lat' dir='ltr'>auctoritatis</span> <span class='ocrx_word' id='word_1_11' title='bbox 804 282 833 335; x_wconf 92' lang='lat' dir='ltr'><strong>in</strong></span> <span class='ocrx_word' id='word_1_12' title='bbox 849 281 949 349; x_wconf 75' lang='lat' dir='ltr'><strong>fabula,</strong></span> 
     </span>
     <span class='ocr_line' id='line_1_3' title="bbox 101 357 950 427; baseline -0.002 -13"><span class='ocrx_word' id='word_1_13' title='bbox 101 359 152 414; x_wconf 90' lang='lat' dir='ltr'><strong>sed</strong></span> <span class='ocrx_word' id='word_1_14' title='bbox 170 359 208 414; x_wconf 90' lang='lat' dir='ltr'><strong>M.</strong></span> <span class='ocrx_word' id='word_1_15' title='bbox 221 357 318 413; x_wconf 82' lang='lat' dir='ltr'><strong>Catoni</strong></span> <span class='ocrx_word' id='word_1_16' title='bbox 331 358 397 424; x_wconf 87' lang='lat' dir='ltr'><strong>seni,</strong></span> <span class='ocrx_word' id='word_1_17' title='bbox 415 375 468 427; x_wconf 91' lang='lat' dir='ltr'><strong>quo</strong></span> <span class='ocrx_word' id='word_1_18' title='bbox 486 357 619 426; x_wconf 87' lang='lat' dir='ltr'><strong>majorem</strong></span> <span class='ocrx_word' id='word_1_19' title='bbox 631 358 823 411; x_wconf 86' lang='lat' dir='ltr'><strong>anctoritatem</strong></span> <span class='ocrx_word' id='word_1_20' title='bbox 835 357 950 412; x_wconf 89' lang='lat' dir='ltr'><strong>haberet</strong></span> 
     </span>
     <span class='ocr_line' id='line_1_4' title="bbox 102 429 949 502; baseline -0.002 -13"><span class='ocrx_word' id='word_1_21' title='bbox 102 435 198 489; x_wconf 89' lang='lat' dir='ltr'><strong>oratic.</strong></span> <span class='ocrx_word' id='word_1_22' title='bbox 242 434 328 502; x_wconf 82' lang='lat' dir='ltr'><strong>Apud</strong></span> <span class='ocrx_word' id='word_1_23' title='bbox 345 429 434 502; x_wconf 70' lang='lat' dir='ltr'><strong>¹quem</strong></span> <span class='ocrx_word' id='word_1_24' title='bbox 459 434 582 487; x_wconf 80' lang='lat' dir='ltr'><strong>Laelium</strong></span> <span class='ocrx_word' id='word_1_25' title='bbox 606 438 636 487; x_wconf 91' lang='lat' dir='ltr'><strong>et</strong></span> <span class='ocrx_word' id='word_1_26' title='bbox 660 435 813 502; x_wconf 80' lang='lat' dir='ltr'>Scipionem</span> <span class='ocrx_word' id='word_1_27' title='bbox 835 433 949 487; x_wconf 86' lang='lat' dir='ltr'><strong>facimus</strong></span> 
     </span>
     <span class='ocr_line' id='line_1_5' title="bbox 101 510 950 579; baseline -0.002 -15"><span class='ocrx_word' id='word_1_28' title='bbox 101 511 269 564; x_wconf 70' lang='lat' dir='ltr'><strong>admirantes</strong></span> <span class='ocrx_word' id='word_1_29' title='bbox 282 510 356 579; x_wconf 89' lang='lat' dir='ltr'><strong>qued</strong></span> <span class='ocrx_word' id='word_1_30' title='bbox 372 511 395 562; x_wconf 90' lang='lat' dir='ltr'><strong>is</strong></span> <span class='ocrx_word' id='word_1_31' title='bbox 412 513 470 563; x_wconf 86' lang='lat' dir='ltr'><strong>tam</strong></span> <span class='ocrx_word' id='word_1_32' title='bbox 488 510 566 562; x_wconf 88' lang='lat' dir='ltr'><strong>facile</strong></span> <span class='ocrx_word' id='word_1_33' title='bbox 578 514 747 563; x_wconf 88' lang='lat' dir='ltr'><strong>senectutem</strong></span> <span class='ocrx_word' id='word_1_34' title='bbox 763 510 841 575; x_wconf 83' lang='lat' dir='ltr'><strong>ierat,</strong></span> <span class='ocrx_word' id='word_1_35' title='bbox 861 510 950 577; x_wconf 90' lang='lat' dir='ltr'><strong>iisque</strong></span> 
     </span>
     <span class='ocr_line' id='line_1_6' title="bbox 102 585 950 655; baseline -0.004 -14"><span class='ocrx_word' id='word_1_36' title='bbox 102 585 165 641; x_wconf 85' lang='lat' dir='ltr'><strong>eum</strong></span> <span class='ocrx_word' id='word_1_37' title='bbox 183 586 400 654; x_wconf 76' lang='lat' dir='ltr'><strong>respondentem.</strong></span> <span class='ocrx_word' id='word_1_38' title='bbox 437 586 490 650; x_wconf 75' lang='lat' dir='ltr'><strong>nui</strong></span> <span class='ocrx_word' id='word_1_39' title='bbox 508 587 530 638; x_wconf 88' lang='lat' dir='ltr'><strong>si</strong></span> <span class='ocrx_word' id='word_1_40' title='bbox 549 587 685 638; x_wconf 78' lang='lat' dir='ltr'><strong>eruditius</strong></span> <span class='ocrx_word' id='word_1_41' title='bbox 702 585 840 638; x_wconf 81' lang='lat' dir='ltr'><strong>videbitur</strong></span> <span class='ocrx_word' id='word_1_42' title='bbox 857 586 950 655; x_wconf 88' lang='lat' dir='ltr'><strong>dispu-</strong></span> 
     </span>
     <span class='ocr_line' id='line_1_7' title="bbox 102 661 950 730; baseline -0.002 -14"><span class='ocrx_word' id='word_1_43' title='bbox 102 666 162 717; x_wconf 89' lang='lat' dir='ltr'><strong>tare</strong></span> <span class='ocrx_word' id='word_1_44' title='bbox 191 679 273 730; x_wconf 88' lang='lat' dir='ltr'><strong>quam</strong></span> <span class='ocrx_word' id='word_1_45' title='bbox 302 661 443 715; x_wconf 85' lang='lat' dir='ltr'><strong>consuevit</strong></span> <span class='ocrx_word' id='word_1_46' title='bbox 471 661 529 729; x_wconf 92' lang='lat' dir='ltr'><strong>ipse</strong></span> <span class='ocrx_word' id='word_1_47' title='bbox 553 662 581 713; x_wconf 95' lang='lat' dir='ltr'><strong>in</strong></span> <span class='ocrx_word' id='word_1_48' title='bbox 606 662 662 714; x_wconf 71' lang='lat' dir='ltr'><strong>cuis</strong></span> <span class='ocrx_word' id='word_1_49' title='bbox 690 661 775 728; x_wconf 89' lang='lat' dir='ltr'><strong>libris,</strong></span> <span class='ocrx_word' id='word_1_50' title='bbox 805 661 950 715; x_wconf 86' lang='lat' dir='ltr'><strong>attribuito</strong></span> 
     </span>
     <span class='ocr_line' id='line_1_8' title="bbox 103 737 950 806; baseline -0.004 -14"><span class='ocrx_word' id='word_1_51' title='bbox 103 737 215 792; x_wconf 88' lang='lat' dir='ltr'><strong>Graccis</strong></span> <span class='ocrx_word' id='word_1_52' title='bbox 242 738 345 791; x_wconf 89' lang='lat' dir='ltr'><strong>litteris</strong></span> <span class='ocrx_word' id='word_1_53' title='bbox 373 753 490 806; x_wconf 85' lang='lat' dir='ltr'><strong>quarum</strong></span> <span class='ocrx_word' id='word_1_54' title='bbox 517 742 626 790; x_wconf 84' lang='lat' dir='ltr'><strong>constat</strong></span> <span class='ocrx_word' id='word_1_55' title='bbox 656 754 719 790; x_wconf 92' lang='lat' dir='ltr'><strong>eum</strong></span> <span class='ocrx_word' id='word_1_56' title='bbox 746 737 950 805; x_wconf 80' lang='lat' dir='ltr'><strong>perstudiosum</strong></span> 
     </span>
     <span class='ocr_line' id='line_1_9' title="bbox 101 811 950 881; baseline 0 -15"><span class='ocrx_word' id='word_1_57' title='bbox 101 813 186 867; x_wconf 85' lang='lat' dir='ltr'><strong>inisse</strong></span> <span class='ocrx_word' id='word_1_58' title='bbox 203 815 232 866; x_wconf 93' lang='lat' dir='ltr'><strong>in</strong></span> <span class='ocrx_word' id='word_1_59' title='bbox 251 830 330 866; x_wconf 90' lang='lat' dir='ltr'><strong>senec</strong></span> <span class='ocrx_word' id='word_1_60' title='bbox 331 815 399 867; x_wconf 89' lang='lat' dir='ltr'><strong>t.ute</strong></span> <span class='ocrx_word' id='word_1_61' title='bbox 436 811 491 866; x_wconf 88' lang='lat' dir='ltr'><strong>Sed</strong></span> <span class='ocrx_word' id='word_1_62' title='bbox 510 813 578 881; x_wconf 92' lang='lat' dir='ltr'><strong>quid</strong></span> <span class='ocrx_word' id='word_1_63' title='bbox 598 829 666 881; x_wconf 82' lang='lat' dir='ltr'><strong>opus</strong></span> <span class='ocrx_word' id='word_1_64' title='bbox 687 815 731 866; x_wconf 90' lang='grc'><strong>005</strong></span> <span class='ocrx_word' id='word_1_65' title='bbox 750 812 849 881; x_wconf 85' lang='lat' dir='ltr'><strong>plural</strong></span> <span class='ocrx_word' id='word_1_66' title='bbox 884 813 950 866; x_wconf 75' lang='lat' dir='ltr'><strong>dam</strong></span> 
     </span>
     <span class='ocr_line' id='line_1_10' title="bbox 103 888 949 959; baseline 0 -17"><span class='ocrx_word' id='word_1_67' title='bbox 103 890 174 943; x_wconf 90' lang='lat' dir='ltr'><strong>enim</strong></span> <span class='ocrx_word' id='word_1_68' title='bbox 193 890 278 959; x_wconf 88' lang='lat' dir='ltr'><strong>ipsius</strong></span> <span class='ocrx_word' id='word_1_69' title='bbox 298 888 409 943; x_wconf 85' lang='lat' dir='ltr'><strong>Catonis</strong></span> <span class='ocrx_word' id='word_1_70' title='bbox 427 905 516 942; x_wconf 89' lang='lat' dir='ltr'><strong>sermo</strong></span> <span class='ocrx_word' id='word_1_71' title='bbox 534 888 683 957; x_wconf 73' lang='lat' dir='ltr'><strong>explicabit</strong></span> <span class='ocrx_word' id='word_1_72' title='bbox 702 892 824 942; x_wconf 89' lang='lat' dir='ltr'><strong>nostram</strong></span> <span class='ocrx_word' id='word_1_73' title='bbox 842 905 949 942; x_wconf 88' lang='lat' dir='ltr'><strong>onmem</strong></span> 
     </span>
     <span class='ocr_line' id='line_1_11' title="bbox 103 964 489 1018; baseline 0 0"><span class='ocrx_word' id='word_1_74' title='bbox 103 965 139 1018; x_wconf 90' lang='lat' dir='ltr'><strong>de</strong></span> <span class='ocrx_word' id='word_1_75' title='bbox 157 981 237 1018; x_wconf 88' lang='lat' dir='ltr'><strong>senec</strong></span> <span class='ocrx_word' id='word_1_76' title='bbox 238 968 299 1018; x_wconf 90' lang='lat' dir='ltr'><strong>tute</strong></span> <span class='ocrx_word' id='word_1_77' title='bbox 317 964 489 1018; x_wconf 87' lang='lat' dir='ltr'><strong>sententiam.</strong></span> 
     </span>
    </p>

    <p class='ocr_par' dir='ltr' id='par_1_3' title="bbox 101 1003 951 2243">
     <span class='ocr_line' id='line_1_12' title="bbox 155 1003 950 1110; baseline 0.001 -16"><span class='ocrx_word' id='word_1_78' title='bbox 155 1041 195 1094; x_wconf 91' lang='lat' dir='ltr'><strong>II.</strong></span> <span class='ocrx_word' id='word_1_79' title='bbox 231 1047 254 1094; x_wconf 89' lang='grc'><strong>4</strong></span> <span class='ocrx_word' id='word_1_80' title='bbox 278 1042 380 1094; x_wconf 81' lang='lat' dir='ltr'><strong>Sermo.</strong></span> <span class='ocrx_word' id='word_1_81' title='bbox 416 1040 617 1110; x_wconf 80' lang='lat' dir='ltr'><strong>Saepenumero</strong></span> <span class='ocrx_word' id='word_1_82' title='bbox 637 1040 768 1093; x_wconf 79' lang='lat' dir='ltr'><strong>mlmirari</strong></span> <span class='ocrx_word' id='word_1_83' title='bbox 790 1003 885 1095; x_wconf 88' lang='grc'><strong>00100</strong></span> <span class='ocrx_word' id='word_1_84' title='bbox 887 1058 950 1095; x_wconf 89' lang='lat' dir='ltr'><strong>cum</strong></span> 
     </span>
     <span class='ocr_line' id='line_1_13' title="bbox 102 1112 949 1184; baseline 0.001 -16"><span class='ocrx_word' id='word_1_85' title='bbox 102 1112 188 1170; x_wconf 84' lang='lat' dir='ltr'><strong>hocO</strong></span> <span class='ocrx_word' id='word_1_86' title='bbox 199 1115 382 1184; x_wconf 83' lang='lat' dir='ltr'><strong>baelioquum</strong></span> <span class='ocrx_word' id='word_1_87' title='bbox 394 1119 547 1170; x_wconf 87' lang='lat' dir='ltr'><strong>ceterarum</strong></span> <span class='ocrx_word' id='word_1_88' title='bbox 559 1133 651 1168; x_wconf 90' lang='lat' dir='ltr'><strong>rerum</strong></span> <span class='ocrx_word' id='word_1_89' title='bbox 667 1120 744 1170; x_wconf 90' lang='lat' dir='ltr'><strong>tuam</strong></span> <span class='ocrx_word' id='word_1_90' title='bbox 762 1117 949 1184; x_wconf 82' lang='lat' dir='ltr'><strong>excellentem,</strong></span> 
     </span>
     <span class='ocr_line' id='line_1_14' title="bbox 103 1191 950 1260; baseline 0.002 -16"><span class='ocrx_word' id='word_1_91' title='bbox 103 1191 140 1244; x_wconf 91' lang='lat' dir='ltr'><strong>M.</strong></span> <span class='ocrx_word' id='word_1_92' title='bbox 161 1193 229 1245; x_wconf 81' lang='lat' dir='ltr'><strong>Cato</strong></span> <span class='ocrx_word' id='word_1_93' title='bbox 213 1209 236 1258; x_wconf 91' lang='lat'><strong>0,</strong></span> <span class='ocrx_word' id='word_1_94' title='bbox 200 1193 463 1260; x_wconf 86' lang='lat' dir='ltr'><strong>tperfeetamque</strong></span> <span class='ocrx_word' id='word_1_95' title='bbox 487 1193 656 1260; x_wconf 90' lang='lat' dir='ltr'><strong>sapientiam,</strong></span> <span class='ocrx_word' id='word_1_96' title='bbox 680 1195 740 1246; x_wconf 90' lang='lat' dir='ltr'><strong>tum</strong></span> <span class='ocrx_word' id='word_1_97' title='bbox 764 1192 807 1245; x_wconf 87' lang='lat' dir='ltr'><strong>vel</strong></span> <span class='ocrx_word' id='word_1_98' title='bbox 832 1192 950 1246; x_wconf 81' lang='lat' dir='ltr'><strong>maximo</strong></span> 
     </span>
     <span class='ocr_line' id='line_1_15' title="bbox 103 1265 948 1338; baseline 0.002 -20"><span class='ocrx_word' id='word_1_99' title='bbox 103 1265 176 1334; x_wconf 89' lang='lat' dir='ltr'><strong>quod</strong></span> <span class='ocrx_word' id='word_1_100' title='bbox 193 1283 332 1335; x_wconf 90' lang='lat' dir='ltr'><strong>nunquam</strong></span> <span class='ocrx_word' id='word_1_101' title='bbox 349 1269 517 1320; x_wconf 89' lang='lat' dir='ltr'><strong>senectutem</strong></span> <span class='ocrx_word' id='word_1_102' title='bbox 535 1267 587 1320; x_wconf 91' lang='lat' dir='ltr'><strong>tibi</strong></span> <span class='ocrx_word' id='word_1_103' title='bbox 603 1285 715 1335; x_wconf 80' lang='lat' dir='ltr'><strong>gravem</strong></span> <span class='ocrx_word' id='word_1_104' title='bbox 733 1284 793 1322; x_wconf 88' lang='lat' dir='ltr'><strong>esse</strong></span> <span class='ocrx_word' id='word_1_105' title='bbox 810 1268 948 1338; x_wconf 80' lang='lat' dir='ltr'><strong>senserim,</strong></span> 
     </span>
     <span class='ocr_line' id='line_1_16' title="bbox 102 1342 951 1412; baseline 0.002 -16"><span class='ocrx_word' id='word_1_106' title='bbox 102 1358 173 1410; x_wconf 89' lang='lat' dir='ltr'><strong>quae</strong></span> <span class='ocrx_word' id='word_1_107' title='bbox 184 1342 443 1412; x_wconf 87' lang='lat' dir='ltr'><strong>plerisquesenibus</strong></span> <span class='ocrx_word' id='word_1_108' title='bbox 456 1343 494 1395; x_wconf 90' lang='lat' dir='ltr'><strong>sic</strong></span> <span class='ocrx_word' id='word_1_109' title='bbox 506 1343 600 1395; x_wconf 90' lang='lat' dir='ltr'><strong>odiosa</strong></span> <span class='ocrx_word' id='word_1_110' title='bbox 618 1347 661 1396; x_wconf 91' lang='grc'><strong>005</strong></span> <span class='ocrx_word' id='word_1_111' title='bbox 677 1348 710 1397; x_wconf 89' lang='lat' dir='ltr'><strong>ut</strong></span> <span class='ocrx_word' id='word_1_112' title='bbox 728 1361 796 1397; x_wconf 91' lang='lat' dir='ltr'><strong>onus</strong></span> <span class='ocrx_word' id='word_1_113' title='bbox 812 1361 841 1397; x_wconf 91' lang='grc'><strong>00</strong></span> <span class='ocrx_word' id='word_1_114' title='bbox 859 1347 951 1398; x_wconf 80' lang='lat' dir='ltr'><strong>Aetna</strong></span> 
     </span>
     <span class='ocr_line' id='line_1_17' title="bbox 101 1418 949 1486; baseline 0.001 -15"><span class='ocrx_word' id='word_1_115' title='bbox 101 1418 211 1486; x_wconf 80' lang='lat' dir='ltr'><strong>gravius</strong></span> <span class='ocrx_word' id='word_1_116' title='bbox 223 1418 315 1472; x_wconf 88' lang='lat' dir='ltr'><strong>dicant</strong></span> <span class='ocrx_word' id='word_1_117' title='bbox 327 1418 471 1471; x_wconf 87' lang='lat' dir='ltr'><strong>sustinere.</strong></span> <span class='ocrx_word' id='word_1_118' title='bbox 507 1419 592 1472; x_wconf 78' lang='lat' dir='ltr'><strong>Onne.</strong></span> <span class='ocrx_word' id='word_1_119' title='bbox 618 1419 687 1472; x_wconf 76' lang='lat' dir='ltr'><strong>Item</strong></span> <span class='ocrx_word' id='word_1_120' title='bbox 704 1419 780 1474; x_wconf 85' lang='lat' dir='ltr'><strong>haud</strong></span> <span class='ocrx_word' id='word_1_121' title='bbox 797 1437 862 1472; x_wconf 88' lang='lat' dir='ltr'><strong>sane</strong></span> <span class='ocrx_word' id='word_1_122' title='bbox 880 1420 949 1472; x_wconf 90' lang='lat' dir='ltr'><strong>diffi-</strong></span> 
     </span>
     <span class='ocr_line' id='line_1_18' title="bbox 102 1491 949 1564; baseline 0.002 -18"><span class='ocrx_word' id='word_1_123' title='bbox 102 1493 187 1560; x_wconf 87' lang='lat' dir='ltr'><strong>cilem,</strong></span> <span class='ocrx_word' id='word_1_124' title='bbox 200 1494 291 1564; x_wconf 80' lang='lat' dir='ltr'><strong>Scipio</strong></span> <span class='ocrx_word' id='word_1_125' title='bbox 304 1497 333 1547; x_wconf 90' lang='grc'><strong>05</strong></span> <span class='ocrx_word' id='word_1_126' title='bbox 346 1493 429 1561; x_wconf 89' lang='lat' dir='ltr'><strong>Laeli,</strong></span> <span class='ocrx_word' id='word_1_127' title='bbox 445 1493 575 1547; x_wconf 86' lang='lat' dir='ltr'><strong>admirari</strong></span> <span class='ocrx_word' id='word_1_128' title='bbox 587 1491 741 1550; x_wconf 84' lang='lat' dir='ltr'><strong>videmini·</strong></span> <span class='ocrx_word' id='word_1_129' title='bbox 759 1495 865 1559; x_wconf 81' lang='lat' dir='ltr'><strong>Quibus</strong></span> <span class='ocrx_word' id='word_1_130' title='bbox 876 1497 949 1549; x_wconf 88' lang='lat' dir='ltr'><strong>enim</strong></span> 
     </span>
     <span class='ocr_line' id='line_1_19' title="bbox 101 1569 950 1639; baseline 0.001 -16"><span class='ocrx_word' id='word_1_131' title='bbox 101 1569 168 1623; x_wconf 90' lang='lat' dir='ltr'><strong>nihil</strong></span> <span class='ocrx_word' id='word_1_132' title='bbox 187 1573 230 1624; x_wconf 89' lang='lat' dir='ltr'><strong>est</strong></span> <span class='ocrx_word' id='word_1_133' title='bbox 245 1571 274 1622; x_wconf 93' lang='lat' dir='ltr'><strong>in</strong></span> <span class='ocrx_word' id='word_1_134' title='bbox 289 1569 356 1637; x_wconf 88' lang='lat' dir='ltr'><strong>ipsis</strong></span> <span class='ocrx_word' id='word_1_135' title='bbox 371 1569 431 1636; x_wconf 91' lang='lat' dir='ltr'><strong>epis</strong></span> <span class='ocrx_word' id='word_1_136' title='bbox 451 1569 488 1621; x_wconf 91' lang='lat' dir='ltr'><strong>ad</strong></span> <span class='ocrx_word' id='word_1_137' title='bbox 505 1569 576 1622; x_wconf 93' lang='lat' dir='ltr'><strong>bene</strong></span> <span class='ocrx_word' id='word_1_138' title='bbox 593 1569 729 1639; x_wconf 83' lang='lat' dir='ltr'><strong>beateque</strong></span> <span class='ocrx_word' id='word_1_139' title='bbox 746 1569 899 1639; x_wconf 63' lang='lat' dir='ltr'><strong>vivendum,</strong></span> <span class='ocrx_word' id='word_1_140' title='bbox 916 1572 950 1624; x_wconf 85' lang='lat' dir='ltr'><strong>iis</strong></span> 
     </span>
     <span class='ocr_line' id='line_1_20' title="bbox 102 1645 949 1716; baseline 0.002 -18"><span class='ocrx_word' id='word_1_141' title='bbox 102 1645 189 1698; x_wconf 91' lang='lat' dir='ltr'><strong>omnis</strong></span> <span class='ocrx_word' id='word_1_142' title='bbox 200 1649 277 1698; x_wconf 85' lang='lat' dir='ltr'><strong>aetas</strong></span> <span class='ocrx_word' id='word_1_143' title='bbox 288 1645 379 1712; x_wconf 86' lang='lat' dir='ltr'><strong>gravis</strong></span> <span class='ocrx_word' id='word_1_144' title='bbox 396 1649 455 1698; x_wconf 89' lang='lat' dir='ltr'><strong>est:</strong></span> <span class='ocrx_word' id='word_1_145' title='bbox 474 1645 521 1714; x_wconf 93' lang='lat' dir='ltr'><strong>qui</strong></span> <span class='ocrx_word' id='word_1_146' title='bbox 540 1648 632 1698; x_wconf 90' lang='lat' dir='ltr'><strong>autem</strong></span> <span class='ocrx_word' id='word_1_147' title='bbox 645 1646 734 1699; x_wconf 86' lang='lat' dir='ltr'><strong>omnia</strong></span> <span class='ocrx_word' id='word_1_148' title='bbox 745 1646 817 1700; x_wconf 83' lang='lat' dir='ltr'><strong>bona</strong></span> <span class='ocrx_word' id='word_1_149' title='bbox 828 1663 845 1699; x_wconf 90' lang='lat' dir='ltr'><strong>a</strong></span> <span class='ocrx_word' id='word_1_150' title='bbox 856 1647 949 1716; x_wconf 82' lang='lat' dir='ltr'><strong>seipsi</strong></span> 
     </span>
     <span class='ocr_line' id='line_1_21' title="bbox 101 1721 949 1791; baseline 0.002 -16"><span class='ocrx_word' id='word_1_151' title='bbox 101 1724 208 1791; x_wconf 90' lang='lat' dir='ltr'><strong>petunt,</strong></span> <span class='ocrx_word' id='word_1_152' title='bbox 225 1721 260 1775; x_wconf 90' lang='lat' dir='ltr'><strong>iis</strong></span> <span class='ocrx_word' id='word_1_153' title='bbox 278 1721 345 1775; x_wconf 93' lang='lat' dir='ltr'><strong>nihil</strong></span> <span class='ocrx_word' id='word_1_154' title='bbox 357 1723 449 1791; x_wconf 83' lang='lat' dir='ltr'><strong>petest</strong></span> <span class='ocrx_word' id='word_1_155' title='bbox 465 1721 566 1775; x_wconf 90' lang='lat' dir='ltr'><strong>malum</strong></span> <span class='ocrx_word' id='word_1_156' title='bbox 578 1721 666 1775; x_wconf 82' lang='lat' dir='ltr'><strong>videri</strong></span> <span class='ocrx_word' id='word_1_157' title='bbox 684 1722 759 1791; x_wconf 86' lang='lat' dir='ltr'><strong>quod</strong></span> <span class='ocrx_word' id='word_1_158' title='bbox 770 1727 885 1777; x_wconf 86' lang='lat' dir='ltr'><strong>naturae</strong></span> <span class='ocrx_word' id='word_1_159' title='bbox 902 1740 949 1777; x_wconf 89' lang='lat' dir='ltr'><strong>ne-</strong></span> 
     </span>
     <span class='ocr_line' id='line_1_22' title="bbox 102 1797 949 1871; baseline 0.001 -20"><span class='ocrx_word' id='word_1_160' title='bbox 102 1798 215 1851; x_wconf 82' lang='lat' dir='ltr'><strong>cessitas</strong></span> <span class='ocrx_word' id='word_1_161' title='bbox 227 1797 330 1871; x_wconf 85' lang='lat' dir='ltr'><strong>afferat</strong></span> <span class='ocrx_word' id='word_1_162' title='bbox 368 1797 427 1861; x_wconf 81' lang='lat' dir='ltr'><strong>Quo</strong></span> <span class='ocrx_word' id='word_1_163' title='bbox 443 1797 470 1849; x_wconf 91' lang='lat' dir='ltr'><strong>in</strong></span> <span class='ocrx_word' id='word_1_164' title='bbox 486 1814 586 1865; x_wconf 83' lang='lat' dir='ltr'><strong>genere</strong></span> <span class='ocrx_word' id='word_1_165' title='bbox 603 1802 647 1851; x_wconf 88' lang='grc'><strong>005</strong></span> <span class='ocrx_word' id='word_1_166' title='bbox 661 1799 799 1866; x_wconf 86' lang='lat' dir='ltr'><strong>inprimis</strong></span> <span class='ocrx_word' id='word_1_167' title='bbox 816 1803 949 1865; x_wconf 60' lang='lat' dir='ltr'><strong>senectus)</strong></span> 
     </span>
     <span class='ocr_line' id='line_1_23' title="bbox 103 1873 950 1943; baseline 0.001 -17"><span class='ocrx_word' id='word_1_168' title='bbox 103 1890 185 1943; x_wconf 88' lang='lat' dir='ltr'><strong>quam</strong></span> <span class='ocrx_word' id='word_1_169' title='bbox 202 1876 235 1927; x_wconf 92' lang='grc' dir='ltr'><strong>ιι5</strong></span> <span class='ocrx_word' id='word_1_170' title='bbox 252 1873 437 1941; x_wconf 87' lang='lat' dir='ltr'><strong>adipiscantur</strong></span> <span class='ocrx_word' id='word_1_171' title='bbox 456 1889 548 1925; x_wconf 90' lang='lat' dir='ltr'><strong>omnes</strong></span> <span class='ocrx_word' id='word_1_172' title='bbox 567 1876 671 1941; x_wconf 88' lang='lat' dir='ltr'><strong>optant,</strong></span> <span class='ocrx_word' id='word_1_173' title='bbox 691 1874 805 1928; x_wconf 88' lang='lat' dir='ltr'><strong>eandem</strong></span> <span class='ocrx_word' id='word_1_174' title='bbox 822 1878 950 1928; x_wconf 87' lang='lat' dir='ltr'><strong>accusant</strong></span> 
     </span>
     <span class='ocr_line' id='line_1_24' title="bbox 102 1948 950 2018; baseline 0 -15"><span class='ocrx_word' id='word_1_175' title='bbox 102 1950 247 2018; x_wconf 80' lang='lat' dir='ltr'><strong>adeptam:</strong></span> <span class='ocrx_word' id='word_1_176' title='bbox 268 1952 346 2003; x_wconf 82' lang='lat' dir='ltr'><strong>tanta</strong></span> <span class='ocrx_word' id='word_1_177' title='bbox 366 1952 410 2001; x_wconf 88' lang='lat' dir='ltr'><strong>est</strong></span> <span class='ocrx_word' id='word_1_178' title='bbox 433 1948 567 2001; x_wconf 88' lang='lat' dir='ltr'><strong>stultitiae</strong></span> <span class='ocrx_word' id='word_1_179' title='bbox 588 1949 768 2016; x_wconf 82' lang='lat' dir='ltr'><strong>inconstantia</strong></span> <span class='ocrx_word' id='word_1_180' title='bbox 788 1953 871 2018; x_wconf 90' lang='lat' dir='ltr'><strong>atque</strong></span> <span class='ocrx_word' id='word_1_181' title='bbox 888 1967 950 2017; x_wconf 85' lang='lat' dir='ltr'><strong>per-</strong></span> 
     </span>
     <span class='ocr_line' id='line_1_25' title="bbox 102 2024 949 2093; baseline 0 -14"><span class='ocrx_word' id='word_1_182' title='bbox 102 2026 226 2079; x_wconf 85' lang='lat' dir='ltr'><strong>versitas.</strong></span> <span class='ocrx_word' id='word_1_183' title='bbox 249 2024 404 2093; x_wconf 86' lang='lat' dir='ltr'><strong>&#39;Obrepere</strong></span> <span class='ocrx_word' id='word_1_184' title='bbox 416 2024 493 2077; x_wconf 92' lang='lat' dir='ltr'><strong>aiunt</strong></span> <span class='ocrx_word' id='word_1_185' title='bbox 508 2040 568 2077; x_wconf 90' lang='lat' dir='ltr'><strong>eam</strong></span> <span class='ocrx_word' id='word_1_186' title='bbox 581 2024 662 2077; x_wconf 92' lang='lat' dir='ltr'><strong>citius</strong></span> <span class='ocrx_word' id='word_1_187' title='bbox 679 2041 761 2093; x_wconf 82' lang='lat' dir='ltr'><strong>quam</strong></span> <span class='ocrx_word' id='word_1_188' title='bbox 773 2026 949 2093; x_wconf 83' lang='lat' dir='ltr'><strong>putavissent.</strong></span> 
     </span>
     <span class='ocr_line' id='line_1_26' title="bbox 103 2097 949 2169; baseline 0.001 -16"><span class='ocrx_word' id='word_1_189' title='bbox 103 2097 234 2166; x_wconf 87' lang='lat' dir='ltr'><strong>Primum,</strong></span> <span class='ocrx_word' id='word_1_190' title='bbox 257 2100 320 2169; x_wconf 90' lang='lat' dir='ltr'><strong>quis</strong></span> <span class='ocrx_word' id='word_1_191' title='bbox 341 2099 431 2169; x_wconf 84' lang='lat' dir='ltr'><strong>coegit</strong></span> <span class='ocrx_word' id='word_1_192' title='bbox 450 2117 496 2154; x_wconf 91' lang='grc'><strong>000</strong></span> <span class='ocrx_word' id='word_1_193' title='bbox 516 2100 615 2153; x_wconf 86' lang='lat' dir='ltr'><strong>falsum</strong></span> <span class='ocrx_word' id='word_1_194' title='bbox 634 2102 751 2168; x_wconf 78' lang='lat' dir='ltr'><strong>putaret</strong></span> <span class='ocrx_word' id='word_1_195' title='bbox 787 2100 840 2167; x_wconf 83' lang='lat' dir='ltr'><strong>Qui</strong></span> <span class='ocrx_word' id='word_1_196' title='bbox 878 2102 949 2154; x_wconf 87' lang='lat' dir='ltr'><strong>enim</strong></span> 
     </span>
     <span class='ocr_line' id='line_1_27' title="bbox 102 2174 950 2243; baseline 0 -14"><span class='ocrx_word' id='word_1_197' title='bbox 102 2175 184 2230; x_wconf 88' lang='lat' dir='ltr'><strong>citius</strong></span> <span class='ocrx_word' id='word_1_198' title='bbox 195 2175 393 2230; x_wconf 86' lang='lat' dir='ltr'><strong>adolescentiae</strong></span> <span class='ocrx_word' id='word_1_199' title='bbox 405 2174 530 2229; x_wconf 84' lang='lat' dir='ltr'><strong>senectus</strong></span> <span class='ocrx_word' id='word_1_200' title='bbox 545 2192 627 2243; x_wconf 86' lang='lat' dir='ltr'><strong>qnam</strong></span> <span class='ocrx_word' id='word_1_201' title='bbox 643 2176 777 2243; x_wconf 89' lang='lat' dir='ltr'><strong>pueritiae</strong></span> <span class='ocrx_word' id='word_1_202' title='bbox 795 2177 950 2230; x_wconf 87' lang='lat' dir='ltr'><strong>adolescen-</strong></span> 
     </span>
    </p>
   </div>
   <div class='ocr_carea' id='block_1_3' title="bbox 19 2247 950 2319">
    <p class='ocr_par' dir='ltr' id='par_1_4' title="bbox 19 2247 950 2319">
     <span class='ocr_line' id='line_1_28' title="bbox 19 2247 950 2319; baseline 0 -13"><span class='ocrx_word' id='word_1_203' title='bbox 19 2247 22 2256; x_wconf 69' lang='lat'><em>&#39;</em></span> <span class='ocrx_word' id='word_1_204' title='bbox 102 2251 279 2319; x_wconf 86' lang='lat' dir='ltr'><strong>tiaobrepitl</strong></span> <span class='ocrx_word' id='word_1_205' title='bbox 315 2251 430 2319; x_wconf 86' lang='lat' dir='ltr'><strong>Deinde,</strong></span> <span class='ocrx_word' id='word_1_206' title='bbox 451 2253 498 2319; x_wconf 84' lang='lat' dir='ltr'><strong>qui</strong></span> <span class='ocrx_word' id='word_1_207' title='bbox 515 2250 605 2303; x_wconf 88' lang='lat' dir='ltr'><strong>minus</strong></span> <span class='ocrx_word' id='word_1_208' title='bbox 622 2251 714 2319; x_wconf 85' lang='lat' dir='ltr'><strong>gravis</strong></span> <span class='ocrx_word' id='word_1_209' title='bbox 729 2253 950 2306; x_wconf 78' lang='lat' dir='ltr'><strong>essetiissenee</strong></span> 
     </span>
    </p>
   </div>
   <div class='ocr_carea' id='block_1_4' title="bbox 99 2327 952 3313">
    <p class='ocr_par' dir='ltr' id='par_1_5' title="bbox 101 2327 950 2699">
     <span class='ocr_line' id='line_1_29' title="bbox 103 2327 950 2397; baseline 0 -16"><span class='ocrx_word' id='word_1_210' title='bbox 103 2330 155 2395; x_wconf 83' lang='lat' dir='ltr'><strong>tus,</strong></span> <span class='ocrx_word' id='word_1_211' title='bbox 168 2327 192 2380; x_wconf 84' lang='lat' dir='ltr'><strong>si</strong></span> <span class='ocrx_word' id='word_1_212' title='bbox 205 2327 460 2396; x_wconf 83' lang='lat' dir='ltr'><strong>octingentesimum</strong></span> <span class='ocrx_word' id='word_1_213' title='bbox 478 2344 579 2380; x_wconf 88' lang='lat' dir='ltr'><strong>annum</strong></span> <span class='ocrx_word' id='word_1_214' title='bbox 597 2331 712 2395; x_wconf 83' lang='lat' dir='ltr'><strong>agerent</strong></span> <span class='ocrx_word' id='word_1_215' title='bbox 724 2345 806 2397; x_wconf 86' lang='lat' dir='ltr'><strong>quam</strong></span> <span class='ocrx_word' id='word_1_216' title='bbox 819 2329 950 2396; x_wconf 84' lang='lat' dir='ltr'><strong>octogesi-</strong></span> 
     </span>
     <span class='ocr_line' id='line_1_30' title="bbox 101 2402 950 2473; baseline 0.001 -17"><span class='ocrx_word' id='word_1_217' title='bbox 101 2405 204 2459; x_wconf 48' lang='lat' dir='ltr'><strong>muml¹</strong></span> <span class='ocrx_word' id='word_1_218' title='bbox 238 2402 392 2457; x_wconf 89' lang='lat' dir='ltr'><strong>Praeterita</strong></span> <span class='ocrx_word' id='word_1_219' title='bbox 413 2403 485 2457; x_wconf 90' lang='lat' dir='ltr'><strong>enim</strong></span> <span class='ocrx_word' id='word_1_220' title='bbox 509 2406 586 2456; x_wconf 86' lang='lat' dir='ltr'><strong>aetas</strong></span> <span class='ocrx_word' id='word_1_221' title='bbox 609 2404 735 2472; x_wconf 83' lang='lat' dir='ltr'><strong>quamvis</strong></span> <span class='ocrx_word' id='word_1_222' title='bbox 757 2404 839 2471; x_wconf 85' lang='lat' dir='ltr'><strong>longa</strong></span> <span class='ocrx_word' id='word_1_223' title='bbox 866 2421 950 2473; x_wconf 91' lang='lat' dir='ltr'><strong>quum</strong></span> 
     </span>
     <span class='ocr_line' id='line_1_31' title="bbox 102 2479 950 2550; baseline -0.001 -17"><span class='ocrx_word' id='word_1_224' title='bbox 102 2479 258 2546; x_wconf 84' lang='lat' dir='ltr'><strong>effluxisset,</strong></span> <span class='ocrx_word' id='word_1_225' title='bbox 271 2480 345 2533; x_wconf 89' lang='lat' dir='ltr'><strong>nulla</strong></span> <span class='ocrx_word' id='word_1_226' title='bbox 356 2479 538 2533; x_wconf 86' lang='lat' dir='ltr'><strong>consolatione</strong></span> <span class='ocrx_word' id='word_1_227' title='bbox 550 2479 719 2550; x_wconf 85' lang='lat' dir='ltr'><strong>permulcere</strong></span> <span class='ocrx_word' id='word_1_228' title='bbox 730 2484 823 2547; x_wconf 87' lang='lat' dir='ltr'><strong>posset</strong></span> <span class='ocrx_word' id='word_1_229' title='bbox 837 2480 950 2533; x_wconf 88' lang='lat' dir='ltr'><strong>stultam</strong></span> 
     </span>
     <span class='ocr_line' id='line_1_32' title="bbox 102 2553 950 2642; baseline -0.001 -34"><span class='ocrx_word' id='word_1_230' title='bbox 102 2557 279 2608; x_wconf 87' lang='lat' dir='ltr'><strong>senectutem.</strong></span> <span class='ocrx_word' id='word_1_231' title='bbox 317 2562 342 2607; x_wconf 84' lang='lat'><strong>5.</strong></span> <span class='ocrx_word' id='word_1_232' title='bbox 369 2555 533 2619; x_wconf 77' lang='lat' dir='ltr'><strong>Quocirca&#39;</strong></span> <span class='ocrx_word' id='word_1_233' title='bbox 512 2571 535 2607; x_wconf 92' lang='grc' dir='ltr'><strong>οι</strong></span> <span class='ocrx_word' id='word_1_234' title='bbox 548 2553 709 2642; x_wconf 81' lang='lat' dir='ltr'><strong>sapientiam</strong></span> <span class='ocrx_word' id='word_1_235' title='bbox 720 2563 809 2609; x_wconf 88' lang='lat' dir='ltr'><strong>meam</strong></span> <span class='ocrx_word' id='word_1_236' title='bbox 821 2554 950 2609; x_wconf 90' lang='lat' dir='ltr'><strong>admirari</strong></span> 
     </span>
     <span class='ocr_line' id='line_1_33' title="bbox 99 2629 952 2718; baseline 0.001 -35.004"><span class='ocrx_word' id='word_1_237' title='bbox 99 2629 203 2707; x_wconf 81' lang='lat' dir='ltr'><strong>soletis,</strong></span> <span class='ocrx_word' id='word_1_238' title='bbox 221 2646 294 2718; x_wconf 79' lang='lat' dir='ltr'><strong>quae</strong></span> <span class='ocrx_word' id='word_1_239' title='bbox 302 2632 406 2684; x_wconf 90' lang='lat' dir='ltr'><strong>utinam</strong></span> <span class='ocrx_word' id='word_1_240' title='bbox 419 2630 502 2698; x_wconf 84' lang='lat' dir='ltr'><strong>digna</strong></span> <span class='ocrx_word' id='word_1_241' title='bbox 518 2632 592 2685; x_wconf 88' lang='grc'><strong>00005</strong></span> <span class='ocrx_word' id='word_1_242' title='bbox 608 2630 750 2698; x_wconf 87' lang='lat' dir='ltr'><strong>opinione</strong></span> <span class='ocrx_word' id='word_1_243' title='bbox 745 2634 837 2684; x_wconf 86' lang='lat' dir='ltr'><strong>vestra</strong></span> <span class='ocrx_word' id='word_1_244' title='bbox 847 2634 952 2684; x_wconf 80' lang='lat' dir='ltr'><strong>nostre</strong></span> 
     </span>
    </p>

    <p class='ocr_par' dir='ltr' id='par_1_6' title="bbox 101 2705 952 3303">
     <span class='ocr_line' id='line_1_34' title="bbox 102 2705 950 2794; baseline 0 -35"><span class='ocrx_word' id='word_1_245' title='bbox 102 2722 157 2773; x_wconf 88' lang='lat' dir='ltr'><strong>que</strong></span> <span class='ocrx_word' id='word_1_246' title='bbox 173 2706 337 2773; x_wconf 83' lang='lat' dir='ltr'><strong>cognomine,</strong></span> <span class='ocrx_word' id='word_1_247' title='bbox 359 2707 387 2758; x_wconf 91' lang='lat' dir='ltr'><strong>in</strong></span> <span class='ocrx_word' id='word_1_248' title='bbox 405 2705 457 2759; x_wconf 83' lang='lat' dir='ltr'><strong>lroc</strong></span> <span class='ocrx_word' id='word_1_249' title='bbox 473 2721 566 2758; x_wconf 90' lang='lat' dir='ltr'><strong>sumus</strong></span> <span class='ocrx_word' id='word_1_250' title='bbox 586 2705 721 2794; x_wconf 81' lang='lat' dir='ltr'><strong>sapientes</strong></span> <span class='ocrx_word' id='word_1_251' title='bbox 735 2708 810 2775; x_wconf 87' lang='lat' dir='ltr'><strong>quod</strong></span> <span class='ocrx_word' id='word_1_252' title='bbox 825 2710 950 2759; x_wconf 86' lang='lat' dir='ltr'><strong>naturam</strong></span> 
     </span>
     <span class='ocr_line' id='line_1_35' title="bbox 102 2779 951 2869; baseline 0 -34"><span class='ocrx_word' id='word_1_253' title='bbox 102 2780 234 2850; x_wconf 87' lang='lat' dir='ltr'><strong>optimam</strong></span> <span class='ocrx_word' id='word_1_254' title='bbox 251 2782 377 2835; x_wconf 89' lang='lat' dir='ltr'><strong>duccmt</strong></span> <span class='ocrx_word' id='word_1_255' title='bbox 365 2785 505 2869; x_wconf 83' lang='lat' dir='ltr'><strong>tamquam</strong></span> <span class='ocrx_word' id='word_1_256' title='bbox 524 2779 608 2835; x_wconf 89' lang='lat' dir='ltr'><strong>deum</strong></span> <span class='ocrx_word' id='word_1_257' title='bbox 627 2782 767 2849; x_wconf 82' lang='lat' dir='ltr'><strong>sequimur</strong></span> <span class='ocrx_word' id='word_1_258' title='bbox 783 2782 864 2849; x_wconf 89' lang='lat' dir='ltr'><strong>eique</strong></span> <span class='ocrx_word' id='word_1_259' title='bbox 875 2798 951 2849; x_wconf 88' lang='lat' dir='ltr'><strong>parc-</strong></span> 
     </span>
     <span class='ocr_line' id='line_1_36' title="bbox 102 2856 951 2925; baseline 0.002 -16"><span class='ocrx_word' id='word_1_260' title='bbox 102 2871 181 2922; x_wconf 81' lang='lat' dir='ltr'><strong>mus3</strong></span> <span class='ocrx_word' id='word_1_261' title='bbox 199 2872 216 2909; x_wconf 89' lang='lat' dir='ltr'><strong>a</strong></span> <span class='ocrx_word' id='word_1_262' title='bbox 233 2873 287 2925; x_wconf 88' lang='lat' dir='ltr'><strong>qua</strong></span> <span class='ocrx_word' id='word_1_263' title='bbox 306 2873 360 2910; x_wconf 91' lang='lat' dir='ltr'><strong>non</strong></span> <span class='ocrx_word' id='word_1_264' title='bbox 378 2857 437 2910; x_wconf 86' lang='lat' dir='ltr'><strong>veri</strong></span> <span class='ocrx_word' id='word_1_265' title='bbox 457 2856 545 2909; x_wconf 90' lang='lat' dir='ltr'><strong>simile</strong></span> <span class='ocrx_word' id='word_1_266' title='bbox 562 2858 613 2922; x_wconf 86' lang='grc'><strong>005,</strong></span> <span class='ocrx_word' id='word_1_267' title='bbox 632 2874 715 2925; x_wconf 91' lang='lat' dir='ltr'><strong>quum</strong></span> <span class='ocrx_word' id='word_1_268' title='bbox 733 2861 842 2911; x_wconf 87' lang='lat' dir='ltr'><strong>ceterae</strong></span> <span class='ocrx_word' id='word_1_269' title='bbox 858 2862 951 2925; x_wconf 86' lang='lat' dir='ltr'><strong>partos</strong></span> 
     </span>
     <span class='ocr_line' id='line_1_37' title="bbox 102 2932 950 3001; baseline -0.001 -16"><span class='ocrx_word' id='word_1_270' title='bbox 102 2932 203 2986; x_wconf 86' lang='lat' dir='ltr'><strong>aetatis</strong></span> <span class='ocrx_word' id='word_1_271' title='bbox 215 2932 285 2989; x_wconf 88' lang='lat' dir='ltr'><strong>bene</strong></span> <span class='ocrx_word' id='word_1_272' title='bbox 305 2932 453 3001; x_wconf 87' lang='lat' dir='ltr'><strong>discriptae</strong></span> <span class='ocrx_word' id='word_1_273' title='bbox 465 2932 528 2999; x_wconf 89' lang='lat' dir='ltr'><strong>sint,</strong></span> <span class='ocrx_word' id='word_1_274' title='bbox 541 2935 696 2985; x_wconf 85' lang='lat' dir='ltr'><strong>extremum</strong></span> <span class='ocrx_word' id='word_1_275' title='bbox 708 2937 798 2986; x_wconf 86' lang='lat' dir='ltr'><strong>actum</strong></span> <span class='ocrx_word' id='word_1_276' title='bbox 810 2936 950 3000; x_wconf 88' lang='lat' dir='ltr'><strong>tamquam</strong></span> 
     </span>
     <span class='ocr_line' id='line_1_38' title="bbox 101 3006 952 3075; baseline 0 -14"><span class='ocrx_word' id='word_1_277' title='bbox 101 3006 138 3061; x_wconf 83' lang='lat' dir='ltr'><strong>ab</strong></span> <span class='ocrx_word' id='word_1_278' title='bbox 157 3008 239 3067; x_wconf 85' lang='lat' dir='ltr'><strong>inerti</strong></span> <span class='ocrx_word' id='word_1_279' title='bbox 260 3012 342 3075; x_wconf 90' lang='lat' dir='ltr'><strong>poeta</strong></span> <span class='ocrx_word' id='word_1_280' title='bbox 363 3024 422 3061; x_wconf 92' lang='grc'><strong>0000</strong></span> <span class='ocrx_word' id='word_1_281' title='bbox 442 3007 606 3075; x_wconf 84' lang='lat' dir='ltr'><strong>neglectum</strong></span> <span class='ocrx_word' id='word_1_282' title='bbox 646 3007 701 3061; x_wconf 86' lang='lat' dir='ltr'><strong>Sed</strong></span> <span class='ocrx_word' id='word_1_283' title='bbox 724 3011 817 3061; x_wconf 83' lang='lat' dir='ltr'><strong>tamen</strong></span> <span class='ocrx_word' id='word_1_284' title='bbox 841 3024 952 3061; x_wconf 84' lang='lat' dir='ltr'><strong>necesse</strong></span> 
     </span>
     <span class='ocr_line' id='line_1_39' title="bbox 101 3082 951 3153; baseline -0.001 -16"><span class='ocrx_word' id='word_1_285' title='bbox 101 3083 156 3137; x_wconf 90' lang='lat' dir='ltr'><strong>fuit</strong></span> <span class='ocrx_word' id='word_1_286' title='bbox 179 3100 239 3137; x_wconf 87' lang='lat' dir='ltr'><strong>esse</strong></span> <span class='ocrx_word' id='word_1_287' title='bbox 259 3084 363 3153; x_wconf 86' lang='lat' dir='ltr'><strong>aliquid</strong></span> <span class='ocrx_word' id='word_1_288' title='bbox 384 3088 538 3137; x_wconf 87' lang='lat' dir='ltr'><strong>extremum</strong></span> <span class='ocrx_word' id='word_1_289' title='bbox 563 3086 592 3134; x_wconf 92' lang='lat' dir='ltr'><strong>ct</strong></span> <span class='ocrx_word' id='word_1_290' title='bbox 616 3083 784 3151; x_wconf 85' lang='lat' dir='ltr'><strong>tamquam&#39;</strong></span> <span class='ocrx_word' id='word_1_291' title='bbox 776 3100 805 3135; x_wconf 93' lang='grc' dir='ltr'><strong>ιιι</strong></span> <span class='ocrx_word' id='word_1_292' title='bbox 823 3082 951 3136; x_wconf 89' lang='lat' dir='ltr'><strong>arborum</strong></span> 
     </span>
     <span class='ocr_line' id='line_1_40' title="bbox 100 3158 951 3235; baseline -0.001 -21.998"><span class='ocrx_word' id='word_1_293' title='bbox 100 3158 177 3235; x_wconf 82' lang='lat' dir='ltr'><strong>bacis</strong></span> <span class='ocrx_word' id='word_1_294' title='bbox 195 3163 341 3229; x_wconf 84' lang='lat' dir='ltr'><strong>terraeque</strong></span> <span class='ocrx_word' id='word_1_295' title='bbox 361 3159 485 3227; x_wconf 80' lang='lat' dir='ltr'><strong>frugibus</strong></span> <span class='ocrx_word' id='word_1_296' title='bbox 509 3158 670 3211; x_wconf 82' lang='lat' dir='ltr'><strong>maturitate</strong></span> <span class='ocrx_word' id='word_1_297' title='bbox 693 3159 857 3225; x_wconf 83' lang='lat' dir='ltr'><strong>tempestiva</strong></span> <span class='ocrx_word' id='word_1_298' title='bbox 874 3159 951 3226; x_wconf 87' lang='lat' dir='ltr'><strong>quasi</strong></span> 
     </span>
     <span class='ocr_line' id='line_1_41' title="bbox 100 3224 952 3313; baseline 0.001 -26.002"><span class='ocrx_word' id='word_1_299' title='bbox 100 3224 204 3289; x_wconf 87' lang='lat' dir='ltr'><strong>vietum</strong></span> <span class='ocrx_word' id='word_1_300' title='bbox 218 3239 247 3289; x_wconf 91' lang='grc'><strong>05</strong></span> <span class='ocrx_word' id='word_1_301' title='bbox 256 3236 394 3300; x_wconf 76' lang='lat' dir='ltr'><strong>caducum,</strong></span> <span class='ocrx_word' id='word_1_302' title='bbox 403 3234 479 3303; x_wconf 91' lang='lat' dir='ltr'><strong>quod</strong></span> <span class='ocrx_word' id='word_1_303' title='bbox 490 3232 613 3285; x_wconf 78' lang='lat' dir='ltr'><strong>ferenda</strong></span> <span class='ocrx_word' id='word_1_304' title='bbox 616 3252 632 3283; x_wconf 83' lang='grc' dir='ltr'><strong>ι</strong></span> <span class='ocrx_word' id='word_1_305' title='bbox 645 3235 689 3285; x_wconf 88' lang='grc'><strong>005</strong></span> <span class='ocrx_word' id='word_1_306' title='bbox 697 3232 816 3285; x_wconf 89' lang='lat' dir='ltr'><strong>molliter</strong></span> <span class='ocrx_word' id='word_1_307' title='bbox 828 3235 952 3313; x_wconf 83' lang='lat' dir='ltr'><strong>sapienti.</strong></span> 
     </span>
    </p>
   </div>
   <div class='ocr_carea' id='block_1_5' title="bbox 0 0 1104 3450">
    <p class='ocr_par' dir='ltr' id='par_1_7' title="bbox 0 0 1104 3450">
     <span class='ocr_line' id='line_1_42' title="bbox 0 0 1104 3450; baseline 0 0"><span class='ocrx_word' id='word_1_308' title='bbox 0 0 1104 3450; x_wconf 95' lang='lat' dir='ltr'><strong> </strong></span> 
     </span>
    </p>
   </div>
  </div>
 </body>
</html>
