2200 3450
116 184 145 228 -n
343 179 381 227 M.
400 179 527 229 runnu
545 151 735 228 cronnonis

119 259 218 313 Videre
233 259 293 328 jam
302 259 399 314 videor
411 261 541 330 populum
554 277 571 313 a
582 264 679 314 senatu
691 260 867 330 disjunctum,
876 263 969 317 multi-

114 335 218 388 tudinis
232 335 348 398 arbitrio
361 353 406 390 res
419 337 552 390 maximas
566 337 618 404 agi,
654 337 751 390 Plures
771 337 845 391 enim
861 339 970 393 discent

114 413 346 484 quemadmodum
376 416 442 468 haec
466 416 533 468 fiant
558 432 640 484 quam
665 415 896 483 quemadmodum
924 417 970 470 his

114 493 266 546 resistatur.
302 497 345 544 42.
365 492 501 555 Quorsum
513 493 600 546 haccl
638 493 709 556 Quia
721 493 779 546 sine
789 494 868 546 sociis
888 511 968 547 nemo

114 569 265 639 quidquam
278 569 333 622 tale
343 573 466 623 conatur.
505 569 730 638 Praecipiendum
743 573 786 623 est
794 570 880 637 igitur
888 570 969 624 bonis

114 649 152 713 ut,
165 645 228 698 siin
241 645 376 714 ejusmodi
389 647 521 699 amicitias
533 647 621 714 ignari
634 663 698 699 casu
709 646 804 719 aliquo
813 646 968 713 inciderint,

113 741 148 776 nc
161 723 320 776 existiment
331 723 371 776 ita
383 740 412 776 se
425 723 551 790 alligatos
570 726 602 776 ut
616 723 652 776 ab
664 723 758 777 amicis
773 723 802 776 in
814 722 969 790 republica

114 799 290 866 peccantibus
302 814 356 851 non
374 799 531 852 discedant:
548 799 681 868 improbis
696 804 789 853 autem
806 815 895 868 poena
913 804 968 852 sta-

113 874 217 926 tuenda
229 877 287 939 est3
305 891 355 927 nec
366 891 431 927 vero
443 875 531 928 minor
543 875 577 927 iis
587 875 635 944 qui
648 875 736 930 secuti
747 879 829 929 erunt
841 875 967 942 alterum,

114 967 195 1018 quam
212 951 246 1004 iis
265 951 313 1019 qui
324 951 376 1019 ipsi
387 951 490 1005 fuerint
501 951 652 1020 impietatis
664 952 755 1005 duces
791 951 859 1016 Quis
870 950 968 1004 clarior

113 1025 141 1078 in
150 1026 264 1079 Graecia
271 1027 468 1082 Themistocle?
487 1027 548 1095 quis
557 1028 712 1096 potentiori
731 1027 778 1096 qui
787 1044 872 1096 quum
881 1027 967 1095 impe-

113 1101 383 1156 ratorbelloPersico
391 1103 523 1157 servitute
533 1103 676 1157 Graeciam
684 1103 966 1171 liberassetpropter-

116 1194 170 1245 que
179 1177 309 1230 invidiam
319 1177 347 1229 in
359 1178 484 1230 exsilium
495 1178 624 1245 expulsus
634 1181 715 1245 esset,
725 1179 850 1246 ingratae
861 1180 968 1247 patriae

115 1247 242 1320 injuriam
254 1268 308 1305 non
320 1251 384 1305 tulit
397 1269 479 1320 quam
490 1253 563 1306 ferre
576 1253 679 1307 debuit.
716 1253 795 1306 Fecit
806 1254 880 1308 idem
893 1254 967 1322 qnod

116 1345 153 1380 xx
166 1329 242 1381 annis
254 1331 318 1382 ante
330 1329 404 1396 apud
416 1345 464 1381 nos
475 1329 580 1382 fecerat
592 1329 758 1382 Coriolanus.
789 1329 843 1382 His
855 1329 968 1396 adjutm
998 1334 1001 1341 ’

116 1413 210 1457 contra
225 1405 344 1473 patriam
359 1405 486 1458 inventus
502 1408 546 1458 est
563 1421 655 1458 nemo:
673 1405 768 1472 itaque
784 1407 902 1457 mortem
913 1405 966 1457 sihi

116 1485 232 1549 uterque
242 1480 378 1534 conscivit.
408 1486 449 1534 43.
463 1481 554 1544 Quarc
561 1480 624 1534 talis
632 1480 817 1547 improborum
825 1481 967 1534 consensio

115 1574 169 1610 non
188 1557 269 1610 modo
286 1557 461 1610 excusatione
480 1555 757 1623 amicitiae'tegenda
775 1572 828 1607 non
850 1561 899 1621 est,
917 1555 966 1610 scd

115 1634 205 1700 potius
215 1633 347 1700 supplicio
357 1633 430 1684 omni
440 1632 610 1699 vindicanda,
619 1636 650 1684 ut
659 1649 694 1684 ne
704 1632 765 1699 quis
774 1629 850 1700 [sibi]
859 1647 967 1684 conces-

115 1724 175 1761 sum
187 1709 268 1776 putet
280 1708 396 1761 amicum
408 1707 451 1761 rel
467 1707 568 1761 bellum
582 1708 688 1777 patriae
703 1708 866 1761 inferentem
881 1706 968 1776 sequi

115 1786 194 1849 Quod
206 1786 325 1854 quidem,
338 1788 370 1838 ut
382 1802 427 1839 res
439 1784 529 1852 coepit
541 1785 590 1852 ire,
607 1784 681 1838 haud
699 1785 754 1839 scio
765 1802 800 1838 an
817 1784 965 1854 aliquando

114 1861 235 1914 futurum
249 1862 292 1915 sit.
328 1860 398 1914 Mihi
417 1864 509 1914 autem
525 1878 579 1913 non
599 1861 697 1914 minori
716 1878 798 1914 curae
817 1865 859 1914 est
876 1860 964 1928 qualis

114 1953 158 1989 res
170 1935 279 2002 publiea
290 1940 353 2005 post
366 1940 483 1990 mortem
502 1953 592 1990 meam
609 1936 703 1989 lutura
719 1938 756 1989 sit
774 1952 857 2005 quam
876 1935 965 2004 qualis

114 2012 194 2066 hodIe
207 2014 250 2067 sit.

168 2089 253 2144 XIII.
273 2094 315 2143 44.
334 2089 412 2143 Haec
425 2089 511 2157 igitur
522 2089 612 2158 prima
619 2090 665 2143 lex
677 2089 813 2143 amicitiae
826 2089 965 2142 sanciatur

115 2170 145 2219 nt
157 2166 192 2219 ab
205 2165 299 2219 amieis
308 2166 423 2219 honesta
435 2171 568 2234 petamus,
587 2166 735 2219 amicorum
754 2182 835 2219 causa
850 2166 965 2219 honesta

66 2254 68 2258 ·
114 2242 260 2311 suciamus3
277 2259 312 2296 ne
332 2248 520 2311 exspectemus
540 2242 652 2311 quidem
669 2243 735 2295 dum
747 2259 890 2310 rogemur3
907 2245 964 2295 stu-

115 2321 189 2373 lium
202 2337 310 2390 semper
322 2319 402 2387 adsit,
415 2319 552 2373 cunctatio
564 2319 652 2372 absit:
668 2319 809 2371 consilium
820 2335 885 2371 vero
898 2318 964 2371 dare

114 2396 263 2451 audeamus
275 2396 379 2461 libcrc;
392 2395 540 2465 plurimum
553 2395 581 2448 in
594 2395 715 2449 amicitia
730 2396 877 2448 amicorum
894 2394 964 2447 bene

114 2473 287 2526 suadentium
307 2472 397 2525 valeat
416 2471 574 2539 auctoritas,
593 2488 680 2541 eaque
699 2475 729 2525 et
747 2470 912 2524 adhibeatur
928 2470 965 2523 ad

114 2550 278 2603 monendum
295 2566 349 2602 non
367 2548 448 2601 modo
465 2552 562 2615 aperte
581 2548 631 2601 sed
650 2548 734 2602 etiam
753 2548 861 2613 aeriter,
878 2547 901 2599 si
920 2564 964 2600 res

114 2626 271 2693 postulabit,
284 2628 313 2678 et
324 2624 464 2677 adhibitae
477 2628 614 2692 pareatur.
651 2630 693 2677 45.
711 2624 783 2677 Nam
791 2622 965 2692 quibusdam,

114 2720 182 2771 quos
194 2702 276 2755 audio
289 2699 427 2768 sapientes
438 2699 548 2753 habitos
560 2701 588 2753 in
598 2698 720 2767 Graeciass
728 2700 862 2768 placuisse
869 2700 966 2767 opinor

114 2778 249 2831 mirabilia
266 2776 415 2845 quaedam:
433 2775 482 2829 sed
501 2776 569 2841 nihil
589 2780 632 2829 est
651 2777 725 2843 quod
741 2776 781 2828 illi
800 2792 854 2828 non
873 2792 965 2843 perse-

123 2857 234 2920 qzrmtur
262 2852 318 2905 suis
339 2852 468 2920 argutiis:
489 2854 590 2922 partim
612 2851 756 2919 fugiendas
781 2868 841 2905 esse
867 2851 965 2904 nimias

113 2928 247 2982 ¹anicitias
259 2946 294 2981 ne
305 2945 415 2982 necesse
435 2930 471 2983 sit
482 2946 566 2982 unum
583 2928 728 2981 sollicitum
744 2944 805 2981 esse
817 2943 868 2995 pro
883 2926 965 2994 plu'ri-

116 3016 181 3057 Lms:
201 3004 268 3058 satis
278 3021 417 3073 superque
436 3023 496 3059 csse
508 3020 619 3057 suarum
631 3004 730 3071 cuique
748 3020 848 3069 rerum,
870 3004 966 3056 alienis

115 3082 193 3134 ulmis
217 3081 350 3150 implicari
375 3082 519 3135 molestum
545 3096 605 3131 esse
616 3099 623 3142 ;
643 3078 893 3131 commodissimum
906 3096 966 3133 csse

126 3174 196 3224 quam
219 3156 372 3211 laxissimas
393 3156 514 3211 habenas
537 3154 640 3207 habere
663 3153 806 3219 amicitiae,
829 3171 897 3222 quas
921 3156 965 3210 vcl

49 3278 53 3285 .
115 3234 234 3287 .„ldrrcas
245 3249 330 3303 quum
347 3232 414 3285 velis
433 3231 475 3286 vel
494 3230 637 3293 remittas3
655 3231 737 3297 caput
756 3229 829 3282 enim
850 3246 910 3283 esse
927 3231 965 3285 ad

1088 342 1090 359 l

1088 383 1090 403 Ι
