2200 3450
329 179 583 234 EPIMOLARUM
601 184 701 234 LIBRI
719 185 799 236 DUO.
945 190 989 237 101

137 262 225 317 'velim
237 261 303 316 mihi
317 262 354 315 ad
364 262 462 317 urbem
470 269 588 332 praesto
600 265 638 319 sis
654 270 686 319 nt
704 267 760 320 tuis
776 267 894 320 consiliis
909 275 1002 337 atquo·

144 339 241 408 opibus
256 343 288 392 ut
306 341 432 392 consuevi
453 341 482 393 in
500 341 625 395 omnibus
645 342 728 396 rebus
744 347 814 398 utar.
851 344 993 398 Dolabella

125 460 129 466 .
144 419 193 468 tuo
204 415 271 469 nihil
283 415 352 469 scito
363 416 430 469 mihi
445 433 504 470 esse
516 416 674 485 jucundius.
713 419 793 473 Hanc
804 419 873 474 adeo
885 419 993 473 habebo

144 491 261 558 gratiam
279 492 336 559 illi;
360 509 451 562 neque
474 493 547 546 enirn
571 494 651 548 alitor
671 495 762 548 facere
784 496 895 564 poterit,
914 498 993 550 tauta

144 566 205 636 ejus
215 567 378 637 humanitas,
390 569 414 622 is
425 585 528 636 sensus,
540 585 574 622 oa
584 570 612 622 in
624 586 669 623 mc
681 574 725 625 ost
736 571 932 626 benevolentia.

306 695 344 742 11.
378 693 533 742 SERVIUS
550 693 729 753 CICERONI,
749 694 773 744 S.
792 695 822 743 P.

404 782 449 843 (iv.
470 783 507 828 12.
543 794 642 830 nuc.
663 781 729 843 709.)

125 891 128 897 ·
146 869 207 926 Etsi
220 869 275 924 scio
291 886 345 923 non
356 868 586 937 jucrmdissimum
603 870 787 923 menantium
802 869 881 924 vobis
896 869 993 924 allatu·

145 963 214 1012 rum,
232 950 333 1014 tamen,
352 947 479 1014 quoniam
497 962 577 1000 casus
595 951 625 1000 et
643 950 742 1000 natura
760 946 789 1000 in
808 946 887 1000 nobis
908 947 993 999 domi-

144 1027 233 1089 natur,
244 1021 332 1075 visum
344 1025 387 1076 est
398 1021 554 1075 laciendum
567 1022 769 1090 quoquomodo
781 1038 826 1076 res
838 1038 868 1076 se
879 1022 993 1078 haberet

146 1117 191 1154 vos
207 1099 338 1165 certiores
349 1098 446 1152 faeere.
483 1100 519 1152 A.
537 1099 564 1152 <i
581 1113 606 1151 x.
626 1098 687 1151 Kal.
701 1099 766 1152 Jun.
780 1115 865 1168 quum
882 1099 917 1152 ab
932 1100 994 1168 Epi·
1088 1164 1090 1168 Ι

144 1175 230 1230 daura
254 1174 398 1228 Piraeeum
421 1175 484 1229 navi
504 1175 636 1228 advectus
660 1192 755 1243 essem,
776 1175 814 1228 ibi
834 1175 993 1228 Marcellum

143 1253 274 1320 collegam
286 1255 410 1306 nostrum
427 1252 547 1319 conveni,
562 1268 679 1319 eumque
696 1251 770 1304 diem
785 1249 824 1303 ibi
841 1253 992 1319 consumpsi

144 1333 176 1383 ut
193 1346 255 1383 cnm
274 1345 308 1382 eo
324 1344 419 1382 essem.
457 1328 571 1381 Postero
589 1326 634 1379 die
654 1344 738 1394 quum
755 1327 790 1380 ab
807 1345 839 1382 eo
856 1327 995 1395 digressus

144 1423 232 1460 essem
255 1422 288 1459 eo
312 1404 424 1458 consilia
447 1407 480 1458 ut
503 1403 538 1456 ab
563 1404 683 1456 Athenis
706 1405 734 1455 in
759 1404 901 1458 Boeotiam
925 1404 994 1458 irem
1098 1404 1099 1425 ¹

138 1482 331 1551 ‘reliquamque
347 1479 569 1548 jurisdictionem
586 1479 763 1547 absolverem,
778 1480 832 1548 ille,
846 1484 879 1534 ut
895 1475 994 1548 aiebat,

128 1576 225 1628 supra
249 1557 366 1610 Maleam
391 1555 442 1625 [iu]
467 1555 577 1608 Italiam
605 1572 700 1609 versus
726 1557 907 1624 navigaturus
927 1562 994 1611 erat.

129 1636 211 1690 -Post
223 1635 296 1689 diem
309 1634 423 1686 tertium
435 1631 495 1699 ejus
508 1632 572 1698 diei,
585 1649 669 1700 quum
682 1631 717 1686 ab
730 1632 848 1687 Athenis
859 1633 1007 1701 proficisci.

143 1712 172 1766 in
183 1712 273 1767 animo
284 1709 422 1778 haberem,
434 1708 544 1762 circiter
555 1707 623 1763 hora
635 1708 740 1763 decima
751 1709 839 1765 noctis
853 1709 885 1765 P.
899 1710 994 1766 Postu-

143 1789 221 1857 mius,
233 1787 373 1842 familiaris
385 1786 453 1854 ojus,
466 1785 501 1837 ad
518 1786 657 1853 mevenit,
675 1789 705 1840 at
722 1785 788 1840 mihi
804 1786 941 1841 nuntiavit
955 1787 993 1841 M.

143 1865 311 1932 Marcellum,
324 1863 462 1931 ,collegam
485 1866 619 1931 nostrum,
643 1866 707 1931 post
727 1879 826 1916 menae
850 1866 995 1933 tempusa

144 1942 173 1995 P.
187 1941 279 2011 Magio
292 1941 393 2007 Cilone,
405 1939 532 1993 familiari
544 1938 612 2007 ejus,
625 1939 743 2008 pugione
759 1953 917 2008 percussum
933 1957 994 1995 esso

143 2022 173 2072 ct
185 2018 238 2072 duo
250 2018 362 2071 vulnera
373 2016 516 2085 accepisse,
528 2032 614 2068 unum
630 2010 660 2067 in¹
677 2016 824 2085 stomaeh0,
835 2017 953 2072 alterum
965 2018 994 2070 in

143 2094 233 2163 capite
256 2093 537 2157 secundnm-aurem
561 2109 672 2161 sperare
699 2096 793 2147 tamen
816 2110 879 2147 eum
901 2094 994 2148 vivere

142 2188 239 2239 posse:
267 2170 390 2238 Magium
416 2186 447 2223 se
474 2169 565 2237 ipsum
593 2169 778 2249 ipterfecisso:
803 2174 898 2237 postca
925 2188 955 2224 se
978 2188 995 2224 a

1 2209 2 2248 i
89 2308 91 2312 ,
143 2247 273 2301 Marcello
297 2245 334 2299 ad
354 2262 399 2299 ma
421 2245 534 2298 missum
555 2262 616 2299 esso
640 2245 688 2312 qni
712 2245 779 2298 haec
801 2246 942 2301 nuntiaret
966 2251 995 2301 et

144 2327 254 2391 rogaret
265 2322 308 2383 uti
324 2321 444 2375 modicos
462 2319 618 2389 [cogerem].
655 2320 746 2389 (megi,
759 2324 788 2375 et
804 2322 949 2390 evestigio
961 2339 995 2377 co

143 2416 204 2453 sum
215 2399 354 2467 proiectus
369 2397 458 2466 prima
473 2397 542 2450 lace.
579 2392 669 2461 Quum
685 2414 740 2451 uon
755 2398 865 2466 longea
881 2398 994 2455 Piraeeo

143 2476 274 2541 abessem,
287 2490 357 2543 puer
369 2473 480 2527 Acidini
492 2473 601 2526 obviam
612 2473 678 2526 mihi
691 2473 768 2528 venit
779 2492 841 2529 cum
857 2476 994 2543 codicillis,

142 2552 170 2604 in
189 2550 289 2620 quibus
308 2554 369 2603 crat
388 2549 520 2618 seriptum
538 2549 630 2618 paullo
647 2553 712 2604 anta
728 2550 817 2604 lucem
833 2551 993 2606 Marcellum

142 2629 216 2682 diem
229 2645 309 2681 suum
320 2626 418 2681 obisse.
450 2627 496 2680 Ita
507 2626 549 2680 vir
561 2626 726 2681 clarissimus
738 2626 773 2681 nb
785 2628 894 2683 homine
906 2630 996 2683 deter-

141 2706 212 2759 rima
235 2702 410 2758 acerbissima
438 2705 528 2756 morto
556 2707 599 2757 est
628 2704 749 2773 affectus,
774 2709 802 2758 et
827 2705 870 2758 cui
894 2705 995 2761 inimici

141 2785 255 2851 propter
267 2780 430 2850 dignitatem
441 2783 629 2849 pepercerant,
639 2780 767 2835 iuventus
781 2785 824 2836 est
836 2782 939 2837 amicus
948 2784 996 2853 qui

142 2858 169 2912 ei
184 2862 301 2913 mortem
318 2857 438 2912 afferret.
475 2857 534 2925 Ego
551 2860 643 2911 tamen
660 2857 696 2911 ad
714 2858 921 2913 tabernaculum
937 2858 995 2927 ejus

141 2935 258 3003 perrexi.
295 2934 392 2988 Inveni
409 2933 477 3007 duos
491 2934 606 2987 libertos
623 2938 652 2988 ct
667 2935 796 3004 pauculos
809 2952 907 2990 servos.
944 2936 997 2990 Re-

142 3011 231 3079 liquos
253 3011 365 3065 aiebant
387 3016 542 3083 profugisse
566 3018 643 3068 metu
663 3014 834 3084 perterritos,
854 3012 929 3081 quod
948 3013 996 3065 do-

142 3088 231 3143 minus
260 3106 355 3144 aarum
385 3095 450 3145 ante
480 3092 687 3147 tabernaculum
722 3094 886 3148 interfectus
915 3095 995 3145 esset.

142 3165 259 3221 Coactus
271 3185 331 3222 aum
343 3168 371 3222 in
385 3168 481 3222 eadem
492 3169 540 3223 illa
552 3169 649 3223 lectica
661 3187 715 3238 qua
727 3170 786 3239 ipse
800 3171 908 3225 delatus
921 3186 994 3225 eram

141 3244 264 3363 n1e9iaqno
285 3246 431 3299 lecticariis
454 3246 483 3300 in
499 3247 595 3301 urbem
616 3264 678 3301 curn
701 3249 810 3316 referre,
835 3248 928 3317 ibique
945 3262 994 3315 pro

1095 122 1097 157 l
