2200 3450
399 185 562 234 LAlt'LlUS.
598 186 675 234 enP.
695 186 743 233 iv.
963 192 993 239 33

143 266 232 336 ceptis
251 266 306 319 suis
325 265 500 330 erudierrmt3
522 266 567 319 vel
586 265 646 333 ejus
665 266 713 335 qui
733 267 868 336 Apollinis
887 271 994 323 oraculo

144 343 361 412 sapientissimus
373 347 416 394 est
424 341 574 409 judicatus,
585 343 633 411 qui
644 360 698 395 nou
709 346 769 396 turn
780 344 839 411 hoc,
847 348 907 398 tum
919 345 994 406 illud,

144 423 177 474 ut
202 420 230 472 in
248 418 394 488 plerisque,
415 418 464 471 sed
487 417 561 471 idem
583 435 698 486 semper,
718 419 833 472 Animos
855 421 994 473 hominum

145 513 205 550 csse
224 496 336 560 divinos,
353 495 441 562 iisque
458 510 542 561 quum
559 510 575 545 e
591 511 705 562 empore
723 496 906 548 excessissent
925 498 995 548 rodi-

144 575 204 626 tum
222 573 249 624 in
267 571 371 624 coelum
389 577 494 638 patere,
509 570 666 638 optimoque
684 574 712 623 et
726 570 879 638 justissimo
897 573 995 640 cunque

144 648 388 716 expeditissimum.
426 652 465 699 14.
484 645 565 710 Quod
572 645 646 699 idem
659 646 777 714 Scipioni
790 646 936 699 videbatur
948 649 994 715 qui

145 725 264 792 quidem,
273 725 350 792 quasi
362 724 538 792 praesagiret,
549 723 692 795 perpaucis
702 726 766 775 ante
774 726 890 776 mortem
899 723 996 776 diebus

145 817 229 868 quum
239 805 267 853 et
278 801 371 852 Philus
385 804 413 853 01
425 799 552 851 Manilius
564 798 692 853 adessent
702 802 731 852 et
743 799 789 851 alii
800 799 900 867 plures,
908 802 995 868 tuque

144 877 235 940 etiarn,
254 876 387 939 Scaevola,
407 891 512 928 meeum
526 875 654 941 venisses,
671 875 795 928 triduum
813 875 942 929 disseruit
960 876 995 929 de

104 995 108 998 .
145 969 176 1004 rc
194 952 315 1020 publica;
336 951 412 1019 eujus
431 950 941 1019 (110001011001010110010010101οτ0
960 954 994 1005 do

144 1029 351 1082 immortalitate
363 1027 520 1093 animorum,
529 1043 600 1095 quae
612 1044 642 1079 se
654 1028 682 1079 in
695 1028 787 1095 quieto
799 1045 849 1096 per
861 1028 947 1080 visum
960 1046 994 1080 ex

146 1105 277 1158 Africano
289 1104 398 1157 audisse
410 1102 527 1156 dicebat.
565 1102 601 1155 Id
612 1103 635 1156 si
649 1103 689 1156 ita
700 1106 744 1156 cst
755 1106 787 1156 ut
799 1104 895 1171 optimi
907 1103 995 1171 cujus

145 1197 200 1249 que
218 1182 322 1234 animus
339 1181 368 1232 in
386 1183 474 1232 morte
491 1179 618 1232 facillimo
636 1179 725 1233 evolet
744 1183 883 1248 tamquam
902 1197 918 1233 0
937 1198 995 1233 eus

145 1257 220 1310 todia
232 1257 398 1323 vinculisque
407 1255 535 1324 eorporis,
545 1256 589 1308 eui
600 1272 741 1308 censemus
753 1272 862 1308 cursum
875 1257 911 1308 ad
929 1258 995 1310 deos

145 1333 292 1386 faciliorem
304 1332 387 1385 fuisse
400 1348 482 1399 quam
496 1331 630 1399 Scipioni?
667 1330 799 1394 Quocirca
810 1349 933 1386 maerere
945 1333 995 1386 hoc

146 1408 205 1476 ejus
217 1413 318 1462 eventu
329 1425 424 1460 vereor
435 1424 470 1460 00
482 1406 567 1460 invidi
579 1407 667 1474 magis
679 1424 760 1475 quam
774 1408 853 1460 amici
866 1408 909 1461 sit.
947 1409 994 1461 Sin

145 1487 237 1538 autem
255 1484 302 1537 illa
321 1483 427 1537 veriora
445 1487 477 1536 ut
495 1483 569 1536 idem
588 1483 719 1536 interitus
739 1484 775 1536 011
793 1484 945 1536 animorum
966 1490 995 1537 ot

145 1576 287 1628 corporum
304 1577 354 1613 nec
369 1559 440 1613 ullus
457 1576 552 1613 sensus
569 1564 686 1625 maneat,
703 1563 736 1613 ut
749 1559 816 1612 nihil
830 1559 894 1612 boni
909 1564 952 1613 est
967 1561 995 1612 in

144 1641 240 1704 morte,
254 1637 292 1690 sie
304 1640 379 1690 certe
391 1636 456 1689 nihil
468 1637 539 1691 mali.
575 1637 662 1690 Sensu
674 1636 744 1688 enim
758 1636 864 1703 amisso,
877 1635 909 1688 fit
921 1635 995 1688 idem

146 1713 225 1782 quasi
237 1716 318 1767 natus
332 1730 385 1767 non
398 1715 472 1767 00001
484 1712 607 1778 onmino;
626 1716 814 1782 quem'tamen
827 1730 887 1766 esse
901 1716 995 1765 natum

145 1794 241 1843 01000
259 1789 410 1857 gaudemus
430 1790 545 1843 ethaeo
564 1790 659 1843 civitas
679 1789 744 1842 dum
765 1790 819 1843 crit
837 1790 994 1843 laetabitur,

147 1872 186 1919 15.
195 1863 387 1931 'Quamobrem
402 1882 463 1919 cum
476 1866 523 1918 illo
539 1865 658 1934 quidem,
675 1869 708 1919 ut
723 1883 805 1935 supra
820 1866 885 1932 dixi,
903 1870 994 1919 actum

145 1942 248 2009 optimo
263 1944 313 2008 est,
328 1958 433 1994 mecum
449 1941 652 2006 incommodius,
669 1960 751 2010 quem
769 1943 861 1995 iuerat
875 1942 994 2010 aequius,

144 2020 177 2070 ut
188 2018 263 2085 prius
274 2018 439 2084 introieram,
453 2018 491 2070 sie
504 2018 580 2085 prius
593 2019 669 2071 exire
681 2019 717 2071 de
728 2018 795 2072 vita.
833 2018 889 2072 Sed
902 2021 994 2071 tamen

145 2094 333 2147 recordatione
347 2097 456 2147 nostrae
471 2095 606 2147 amicitiae
618 2095 657 2147 010
668 2095 745 2148 fruor
756 2098 789 2148 ut
804 2093 884 2149 beate
896 2094 995 2147 vixisse

145 2169 246 2238 videar,
262 2170 325 2239 quia
343 2187 403 2223 eum
422 2170 546 2239 Scipione
564 2170 694 2235 vixerim3
712 2188 829 2238 quocum
847 2170 915 2223 mihi
933 2187 995 2223 con-

140 2245 238 2313 juncta
250 2262 315 2298 eura
326 2246 362 2299 de
377 2245 529 2313 republica
544 2246 624 2299 etde
639 2246 746 2313 privata
761 2246 822 2309 suit,
836 2262 950 2314 quocum
966 2249 995 2298 et

144 2322 241 2375 domus
251 2321 781 2393 000101000000000,01100(100
794 2326 838 2374 est
854 2322 939 2373 omnis
954 2321 995 2373 110

144 2397 288 2464 amicitiae,
304 2398 481 2463 voluntatum,
499 2398 660 2464 studiorum,
675 2396 872 2450 sententiarum
891 2413 995 2449 summa

143 2473 291 2527 consensio.
334 2472 433 2541 ltaque
451 2490 505 2526 nou
524 2477 582 2527 tam
606 2474 660 2527 ista
679 2489 724 2526 me
744 2471 894 2541 sapientiae
913 2489 995 2540 quam

143 2548 225 2602 modo
240 2546 359 2601 Fannius
374 2551 594 2603 commemoravit
608 2550 680 2602 fama
695 2548 821 2614 delectat,
835 2548 902 2601 falsa
920 2564 996 2616 prae-

144 2625 246 2691 sertim,
259 2640 340 2692 quam
360 2624 433 2692 quod
452 2626 587 2679 amicitiae
605 2629 717 2679 nostrae
735 2625 893 2677 memoriam
916 2640 995 2693 spero

143 2701 337 2770 sempiternam
349 2700 417 2753 fore.
454 2700 542 2769 quue
555 2700 622 2753 mihi
634 2717 666 2754 eo
678 2701 765 2769 magis
778 2704 821 2753 001
833 2700 911 2753 cordi⁴
921 2699 995 2768 quod

143 2793 178 2830 ex
196 2776 321 2831 omnibus
345 2776 441 2830 seculis
459 2777 506 2829 vix
524 2777 579 2830 tria
600 2780 647 2830 aut
667 2781 798 2846 quattuor
821 2776 995 2829 nominantur

142 2854 219 2921 paria
230 2854 393 2918 amicorum;
412 2870 465 2923 quo
477 2853 506 2905 iu
517 2852 618 2921 genere
631 2870 742 2921 sperare
755 2852 852 2905 videor
864 2852 996 2920 Scipionis

142 2933 172 2983 01
192 2930 275 2983 Laelii
295 2930 441 2983 amicitiam
458 2933 552 2983 notam
570 2930 727 3001 posteritati
742 2929 809 2982 fore.
848 2935 887 2982 16.
907 2928 1011 2987 Fran,

143 3005 225 3059 Istud
238 3005 357 3073 quidem,
371 3006 452 3070 Laeli,
464 3006 504 3059 ita
515 3023 625 3060 necesse
637 3009 686 3059 001.
723 3006 778 3059 Sed
790 3006 918 3075 quoniam
930 3005 996 3057 ami-

142 3081 224 3135 citias
235 3081 400 3135 mentionem
412 3080 501 3135 fecisti
515 3084 544 3134 01
557 3098 650 3135 sumus
658 3081 746 3145 otiosi,
756 3085 916 3149 pergratum
928 3078 995 3131 mihi

142 3157 247 3224 feceris,
259 3172 339 3225 spero
350 3157 418 3211 item
429 3157 580 3224 Scaevolae,
593 3158 616 3209 si
629 3156 858 3225 quemadmodum
871 3154 940 3207 soles
959 3154 994 3205 dc

142 3232 242 3287 0010110
260 3230 341 3285 rebus
363 3249 447 3303 quum
468 3248 502 3285 ex
522 3236 552 3285 10
567 3235 751 3301 quaenam,
762 3232 802 3283 sic
819 3231 855 3283 de
876 3228 995 3281 amicitia
