2200 3450
342 175 598 225 EPISTOLARUM
616 176 716 224 LIBRI
734 177 817 226 DUO.
958 183 1003 228 lou

149 260 244 310 actum
260 253 361 323 quibus
376 255 436 307 aine
452 253 547 308 dolore
564 239 669 310 limium
684 258 859 310 est-mortem
873 273 935 311 cum
947 259 1005 312 rita

144 336 321 386 commutare
332 332 342 384 l
378 330 452 395 Quid
466 333 559 385 autem
571 330 625 384 fuit
638 331 804 400 quode-illam
816 332 867 386 hoc
879 335 1004 404 temporo

152 408 190 460 ad
203 406 351 462 vivendum
369 423 470 475 magno
485 423 570 476 opere
588 407 704 461 invitare
719 411 835 476 ponaetl.
851 427 923 479 quae
938 412 1004 465 real

144 501 225 553 quae
241 485 322 552 epesi
347 482 424 552 quod
434 483 521 537 animi
529 484 680 538 soletiuml
710 485 752 538 Ut
763 502 824 538 cum
836 487 928 555 aliquo
940 487 1005 540 ado
1093 553 1095 560 Α

142 559 274 613 lenoente
284 561 415 628 primario
425 561 575 628 conjuncta
586 564 706 614 aetatem
718 563 848 628 gereretl
884 563 1004 616 Licitum

153 642 197 689 est
209 637 270 703 tibi·
280 635 374 703 credo5
383 652 433 704 pro
443 639 496 690 tua
506 635 642 704 dignitate
654 653 689 690 ex
701 637 752 691 hec
759 636 909 705 juventute
922 655 1004 706 gene

153 729 215 764 rum
227 713 351 780 deligere
361 712 440 780 cujus
451 712 517 766 fidoi
529 711 631 766 liberos
642 715 705 766 tuos
715 716 747 767 te
758 716 821 767 tuto
832 714 1005 780 committere

153 793 272 856 putares.
308 790 355 841 An
368 791 450 842 ntea
465 787 567 842 liberos
582 805 617 842 cx
634 805 695 842 sese
706 793 825 858 pareret,
837 805 907 858 quos
919 805 1003 858 quum

154 864 283 919 florentes
299 866 593 921 videretlaetareturl
616 865 738 936 quirem
755 870 901 936 ciperente
919 866 1005 921 tradi-

154 944 212 993 tam
225 958 276 1009 per
287 957 321 995 ee
329 945 425 996 tenere
440 943 570 1010 possenti
583 942 872 998 honores-ordinatim
880 981 882 986 -
889 942 1004 1012 petituri

154 1021 264 1094 essenti
278 1020 320 1072 -in
339 1037 370 1073 re
393 1019 509 1088 publica,
526 1019 556 1073 in
574 1021 723 1072 amicorum
740 1020 858 1088 negotiis
875 1019 1005 1073 libertato

154 1111 204 1148 ene
214 1097 376 1150 uterentur?
412 1096 485 1162 Quid
496 1096 594 1149 horum
605 1095 658 1148 fuit
671 1094 746 1164 quod
762 1112 816 1149 non
832 1097 909 1164 prius
921 1112 1001 1164 quun.

154 1171 251 1224 datum
265 1175 309 1226 est
325 1171 484 1240 ademptum
500 1173 554 1226 aitl
590 1173 632 1226 At
645 1187 710 1226 vero
726 1171 828 1225 malum
845 1173 889 1225 eat
904 1171 1004 1224 liberos

154 1247 290 1301 amittere·
325 1247 437 1315 Malum,
456 1248 509 1301 nisi
527 1247 579 1301 hoc
600 1246 681 1316 pejus
700 1249 737 1301 ait
755 1247 824 1301 haec
843 1247 958 1300 sufferre
976 1255 1002 1298 el

154 1323 270 1390 perpeti.
333 1371 337 1377 ,
416 1353 420 1356 -
548 1338 552 1342 ·

208 1397 284 1462 Quoue
297 1414 342 1450 res
356 1398 428 1450 mihi
434 1415 489 1451 non
499 1399 665 1454 mediocrem
678 1398 890 1453 consolationem
902 1397 1004 1460 attulit,

156 1474 216 1526 volo
227 1473 279 1526 tibi
290 1489 511 1546 commemorare,
525 1475 547 1527 si
562 1474 633 1528 forte
645 1475 741 1528 cadem
758 1491 803 1528 ree
817 1471 869 1529 tibi
882 1473 1001 1528 dolorem

155 1550 277 1603 minuere
290 1551 383 1618 possit.
420 1550 462 1602 Ex
475 1550 545 1603 Asia
555 1549 667 1604 rediens
679 1567 763 1619 quum
777 1547 813 1607 ab
825 1550 934 1618 Aegina
945 1551 1003 1604 Mc-

154 1642 248 1693 garam
257 1642 351 1679 versus
362 1625 527 1693 navigarem,
535 1625 613 1694 coepi
621 1626 747 1694 regiones
756 1625 931 1680 circumcirca
942 1643 1003 1694 pro

155 1702 266 1771 spicere.
304 1701 371 1756 Post
392 1718 436 1756 me
456 1707 516 1756 erat
537 1703 651 1771 Aegina,
672 1705 736 1757 ante
760 1702 881 1772 Megara,
904 1701 1003 1757 dextra

156 1779 293 1852 tiramus,
305 1779 417 1832 sinistra
434 1778 587 1845 Corinthus,
600 1795 671 1847 quae
688 1778 790 1848 oppidu
801 1779 919 1847 quodam
935 1781 1004 1833 tem-

154 1871 220 1923 pore
229 1855 420 1909 florentissima
430 1854 549 1922 fuerunt,
562 1871 633 1908 nuuc
644 1858 784 1923 prostrate
796 1858 825 1909 et
837 1854 928 1908 diruta
939 1857 1004 1909 ante

154 1932 245 1985 oculos
251 1932 354 2000 jacent.
378 1931 463 1999 (locpi
471 1934 582 1999 egomet
591 1948 698 1985 mecum
708 1931 746 1984 sic
756 1932 892 1999 cogitare:
908 1931 1002 1984 Hem!

154 2024 204 2061 nou
220 2007 374 2062 homunculi
390 2007 564 2075 indignamur
582 2007 679 2076 siquis
694 2012 819 2061 nostrum
835 2006 940 2061 interiit
956 2009 1004 2061 aut

154 2085 258 2137 occisus
274 2088 325 2151 eat,
338 2093 455 2153 quorum
468 2084 525 2137 vita
540 2083 650 2140 brevior
667 2100 726 2138 esse
744 2084 835 2150 debet,
848 2098 933 2152 quum
950 2099 1004 2135 uno

154 2160 212 2213 loco
227 2163 271 2214 tot
284 2160 416 2229 oppidum
431 2161 565 2213 cadavera
583 2160 708 2229 projecta
721 2159 834 2227 jacenti
872 2158 956 2217 Visne
972 2162 1003 2212 tu

6 2263 7 2308 3
79 2240 84 2247 '
154 2240 191 2303 te,
203 2236 286 2301 Servi,
295 2236 424 2289 cohibere
436 2239 466 2288 et
475 2235 632 2289 meminisse
641 2235 885 2288 hominemteesee
894 2238 988 2287 natum
995 2237 1003 2286 l

155 2311 245 2365 Orode
261 2312 335 2378 mihi,
353 2311 520 2379 cogitatione
533 2304 567 2364 ea
581 2326 635 2363 non
650 2309 826 2363 mediocriter
838 2326 897 2363 aum
909 2310 1004 2365 coufir-

154 2392 251 2441 matus.
289 2388 352 2441 Hoc
366 2386 447 2454 idem,
466 2387 489 2439 ei
505 2387 557 2440 tibi
572 2386 689 2454 videtur,
699 2386 749 2439 iao
762 2390 828 2439 ante
844 2386 935 2439 oculos
953 2386 1004 2439 tibi

153 2480 296 2533 proponas.
326 2462 411 2517 Modo
427 2480 481 2516 uno
493 2467 618 2531 tempore
636 2465 679 2516 tot
696 2462 906 2519 uiricleriesimi
924 2463 1005 2517 inter-

154 2541 259 2594 ierunt:
277 2539 313 2593 de
324 2540 439 2608 imperio
450 2538 546 2608 Populi
557 2538 672 2591 Romani
678 2541 763 2592 tanta
772 2538 923 2591 deminutio
932 2539 1005 2593 facta
1042 2594 1044 2599 ,

155 2621 210 2670 eat:
229 2632 331 2670 omnesv
339 2614 495 2683 provinciae
508 2617 705 2682 conquassatae
717 2614 842 2669 suniam
854 2615 935 2679 unlus
947 2632 1005 2667 mu-

154 2692 282 2747 lierculae
294 2691 412 2745 animula
425 2690 449 2749 si
457 2689 569 2758 jactura
585 2690 658 2753 facte
674 2694 724 2755 cst,
737 2693 816 2744 tanto
833 2706 916 2759 opere
934 2706 1005 2743 oom-

154 2770 289 2823 moveriel
315 2784 385 2836 quae
401 2767 424 2820 si
440 2767 492 2820 hoc
506 2770 630 2834 tempore
645 2780 699 2819 non
712 2766 785 2820 diem
798 2783 879 2820 suum
895 2765 1005 2834 obisset,

142 2842 1005 2914 xpaucispostenniotumeneimoriendumfuit‚quoniamhomo

142 2926 220 2975 »nuta
229 2922 332 2981 fuerat-
352 2920 494 2982 ·Iltiamstu
501 2919 541 2972 ab
553 2918 628 2973 hisce
641 2918 724 2972 robus
736 2919 857 2973 animum
865 2919 1006 2986 uclcogita·

138 2998 263 3060 :tionem
275 3001 353 3052 tuam
369 3012 465 3063 ouoea,v
477 3000 564 3063 atque
575 3010 610 3057 eu
623 2995 723 3063 'potins
742 2994 917 3050 reminiscere
935 3010 1006 3061 quae

143 3074 242 3141 -digna
255 3075 305 3125 tua
319 3087 438 3144 persona
454 3073 538 3124 sante
552 3070 627 3124 illam
642 3070 775 3139 quamdiu
792 3069 818 3123 ei
836 3086 904 3137 opus
921 3068 1005 3123 fucrit

92 3154 100 3166 '
155 3150 270 3213 vixisse;
293 3160 349 3201 uua
366 3164 429 3201 cum
447 3145 605 3215 republica
623 3146 722 3211 fuisse3
747 3149 777 3200 te
793 3148 902 3215 patrem
918 3161 1005 3210 aurum,

144 3217 317 3295 (praetorem,
330 3223 476 3289 consulem,
493 3239 624 3291 augurem
645 3222 763 3287 vidisse5
786 3219 1007 3275 adolescentibus
