2200 3450
85 119 115 168 58
311 116 350 164 M.
367 114 492 163 TULLII
515 116 707 164 creationis

85 199 256 268 vicissimque
276 197 374 265 accipit
394 196 463 249 illud
486 197 562 264 quod
585 197 613 250 in
637 197 724 250 altero
743 201 798 263 est,
823 215 858 251 cx
881 215 935 267 quo

84 274 239 328 exardescit
259 273 316 327 sive
337 289 413 325 amor
437 272 493 326 sive
516 273 645 327 amicitia.
685 274 839 341 Utrumque
851 275 935 328 enim

83 350 189 404 dictum
201 352 243 403 est
255 349 291 402 ab
302 349 419 402 amando
429 370 436 414 ;
448 365 540 402 amare
553 354 645 402 autem
658 349 724 401 nihil
737 349 811 400 aliud
827 353 869 402 est
884 350 935 403 nisi

85 443 149 478 cnm
160 427 249 494 ipsum
264 425 380 493 diligere
397 442 479 493 quem
498 441 581 489 ames,
598 425 672 477 nulla
689 424 847 492 indigentia,
862 425 936 479 nulla

85 502 205 555 utilitate
217 503 348 570 quaesita,
360 519 431 570 quae
448 505 540 555 tamen
558 501 617 569 ipsa
635 501 777 554 efflorescit
793 518 827 554 ex
846 502 936 554 amici-

57 643 62 652 .
86 578 131 645 tia,
146 578 229 632 etiam
244 577 267 631 si
276 581 312 633 tu
330 595 391 631 cam
403 577 493 631 minus
505 581 638 644 sequutus
656 577 699 631 sis.
738 583 793 630 101.
814 577 874 630 Hac
886 593 936 630 nos

85 653 271 710 adolescentes
293 654 483 708 benevolentia
506 670 586 707 senes
605 653 666 706 illo's
687 653 717 707 L.
738 653 871 720 Paullum,
895 654 935 710 M.

86 731 226 798 Catonem,
236 730 266 785 C.
275 730 391 796 Gallum,
402 729 432 783 P.
442 729 578 798 Nasicam,
588 730 626 782 Ti.
635 729 795 793 Gracchum,
805 730 936 798 Scipionis

85 807 171 859 nostri
195 823 324 873 socerum,
337 805 489 875 dileximus.
525 806 603 859 Haec
630 806 712 859 etiam
736 806 822 873 magis
847 805 936 859 elucet

86 883 157 936 inter
174 883 301 951 aequales
318 886 350 935 ut
367 882 440 935 inter
463 898 507 935 me
530 884 561 934 et
579 881 737 950 Scipionem,
762 881 792 935 L.
816 881 936 951 Furium,

90 959 116 1012 l‘.
131 958 276 1027 Rupilium,
293 958 339 1026 Sp.
354 958 524 1010 Mummium.
561 957 687 1010 Vicissim
705 961 798 1011 autem
815 973 894 1010 senes
907 957 936 1010 in

86 1033 299 1088 adolescentium
315 1033 431 1087 caritate
454 1033 657 1102 acquiescimus,
675 1038 708 1087 ut
730 1033 758 1087 in
781 1038 880 1101 vestra,
904 1036 936 1087 ut

86 1109 113 1159 in
127 1108 159 1171 Q.
171 1107 338 1163 Tuberonis:
351 1109 479 1177 equidem
494 1109 578 1162 etiam
593 1109 741 1163 admodum
757 1109 936 1163 adolescentis

89 1185 116 1237 l‘.
130 1184 234 1253 Rutilii,
248 1187 282 1238 A.
296 1184 414 1252 Virginii
429 1185 616 1238 familiaritate
632 1185 760 1240 delector.
793 1185 937 1250 Quoniam·

86 1277 140 1328 que
151 1261 191 1314 ita
202 1261 272 1314 ratio
283 1265 439 1329 comparata
451 1265 494 1314 est
506 1260 580 1314 vitae
597 1265 767 1330 naturaeque
781 1265 890 1315 nostrae
904 1264 937 1314 ut

86 1337 138 1390 alia
149 1339 226 1401 aetas
237 1337 341 1390 oriatur
348 1337 394 1405 [ex
405 1336 476 1404 alial,
484 1337 603 1390 maxime
613 1337 724 1404 quidem
732 1337 882 1405 optandum
892 1339 937 1391 est
990 1387 994 1400 ,

86 1416 118 1466 nt
126 1430 187 1466 cum
199 1412 358 1482 aequalibus
369 1413 462 1480 possis,
475 1411 636 1480 quibuscum
649 1415 814 1481 tamquame
832 1429 937 1466 career-
953 1434 956 1438 ·

86 1488 147 1542 ibus
170 1491 284 1542 emissus
307 1489 351 1554 sis,
376 1504 437 1540 cunr
457 1488 556 1541 iisdem
579 1489 614 1541 ad
631 1488 739 1557 calcem,
768 1491 800 1542 ut
828 1488 937 1557 dicitur,

86 1565 235 1633 pervenire.
272 1570 328 1618 102.
352 1563 408 1617 Sed
436 1563 563 1632 quoniam
590 1581 635 1617 res
661 1565 795 1618 humanae
825 1563 936 1632 fragiles

86 1641 259 1710 caducaeque
277 1643 348 1707 sunt,
361 1655 468 1707 semper
488 1639 573 1706 aliqui
590 1640 755 1708 anquirendi
779 1644 844 1693 sunt
867 1657 937 1709 quos

87 1716 230 1786 diligamus
241 1720 271 1771 et
282 1734 299 1770 a
311 1715 410 1785 quibus
422 1715 584 1783 diligamur:
604 1715 719 1771 caritate
734 1717 806 1771 enim
821 1718 937 1772 benevo-

87 1794 225 1861 lentiaque
244 1793 351 1847 sublata
366 1792 454 1846 omnis
477 1797 520 1847 est
538 1810 554 1846 e
570 1793 628 1846 vita
644 1793 753 1847 sublata
768 1788 937 1861 jncunditas.

88 1869 155 1921 Mihi
168 1869 277 1936 quidem
290 1869 387 1936 Scipio,
399 1885 564 1937 quamquam
577 1872 620 1922 est
632 1868 723 1923 subito
736 1874 856 1938 ereptus,
868 1871 936 1924 vivit

87 1948 178 1997 tamen
190 1960 351 2012 semperque
364 1944 437 1997 rivet
448 1964 454 2008 3
466 1944 598 1997 virtutem
611 1945 682 1998 eninr
694 1948 782 1999 amari
795 1946 866 1999 illius
884 1946 936 1999 viri

87 2037 157 2087 quae
178 2021 313 2073 exstincta
331 2036 384 2073 non
404 2022 455 2073 est.
489 2020 549 2073 Nec
567 2020 635 2073 mihi
656 2021 705 2075 soli
724 2029 851 2075 versatur
871 2026 936 2076 ante

86 2096 184 2163 oculos,
203 2097 250 2165 qui
268 2096 342 2149 illam
360 2112 468 2163 semper
484 2096 513 2149 in
531 2096 657 2149 manibus
675 2096 765 2163 habui,
785 2098 833 2150 sed
853 2098 936 2152 etiam
986 2092 988 2097 ’

86 2173 202 2240 posteris
226 2173 279 2227 erit
297 2173 370 2226 clara
388 2176 416 2226 et
439 2171 559 2239 insignis.
591 2172 679 2225 Nemo
704 2186 821 2241 unquam
846 2174 936 2227 animo
964 2238 968 2245 ι

87 2251 135 2302 aut
151 2266 200 2318 spe
219 2248 323 2317 majora
340 2248 469 2317 suscipiet
483 2249 531 2316 qui
546 2248 598 2301 sibi
616 2264 669 2301 non
688 2248 759 2302 illius
777 2250 936 2303 memoriam

87 2329 170 2393 atque
185 2326 331 2393 imaginem
343 2324 544 2394 proponendam
556 2327 643 2392 putet.
681 2330 737 2379 103.
750 2325 886 2393 Equidem
901 2341 936 2379 ex

87 2401 211 2455 omnibus
222 2402 303 2455 rebus
316 2418 384 2469 quas
395 2401 462 2453 mihi
474 2404 523 2453 aut
534 2400 645 2453 fortuna
656 2403 704 2454 aut
719 2405 817 2454 natura
831 2400 936 2468 tribuit,
1010 2404 1012 2407 ’

87 2477 153 2530 nihil
165 2477 252 2531 habco
264 2477 411 2546 quodcum
427 2476 546 2530 amicitia
563 2476 695 2545 Scipionis
712 2478 812 2545 possim
831 2494 936 2546 compa·

41 2617 48 2624 ,
87 2570 156 2609 rare.
191 2554 225 2607 In
247 2554 298 2607 hac
320 2554 387 2606 mihi
410 2554 446 2606 de
468 2570 499 2606 re
522 2552 632 2622 publica
655 2568 806 2620 consensus,
830 2553 858 2606 iu
886 2554 937 2607 hac

60 2649 67 2675 ι
87 2646 179 2683 rerum
190 2630 357 2698 privatarum
369 2630 518 2695 consilium,
528 2630 557 2681 in
569 2628 665 2683 eadem
678 2630 788 2697 requies
801 2631 881 2698 plena
892 2630 937 2683 ob

87 2706 241 2759 lectationis
256 2706 316 2758 fuit.
344 2705 492 2773 Nunquam
506 2704 583 2757 illum
599 2722 634 2757 ne
649 2705 761 2758 minima
778 2706 889 2773 quidem
906 2724 937 2760 re

87 2781 188 2834 offendi
204 2781 278 2850 quod
295 2782 405 2849 quidem
429 2781 578 2845 scnscrim;
597 2779 665 2832 nihil
682 2779 774 2833 audivi
787 2799 820 2833 cx
834 2800 866 2834 eo
877 2782 937 2850 ipse

87 2856 162 2923 quod
173 2857 280 2909 nollem.
314 2858 376 2911 Una
393 2857 490 2910 domus
508 2861 576 2925 crat,
593 2855 667 2907 idem
680 2856 767 2909 victus
779 2856 856 2924 isque
866 2874 935 2911 com-

87 2933 194 2996 munis,
214 2950 302 3001 neque
324 2933 420 2987 militia
439 2934 526 2985 solum
545 2930 690 2986 sedetiam
704 2934 938 3000 peregrinationes

87 3009 334 3077 rusticationesque
357 3023 520 3061 communes.
558 3011 614 3059 104.
638 3006 710 3058 Nam
734 3008 801 3075 quid
826 3024 877 3076 ego
901 3008 937 3063 de

87 3084 186 3137 studiis
198 3084 286 3137 dicam
295 3084 473 3152 cognoscendi
483 3098 591 3149 semper
600 3080 702 3148 aliquid
711 3085 795 3150 amno
805 3084 937 3151 discendi,

88 3158 116 3211 in
128 3159 227 3229 quibus
238 3160 337 3214 remoti
349 3159 384 3213 ab
396 3159 481 3214 oculis
491 3157 585 3227 populi
601 3172 679 3209 omne
693 3159 809 3211 otiosum
828 3163 937 3226 tempus
