2200 3450
336 141 423 186 caeo
442 139 582 188 maiuli(
614 142 690 188 (ur.
712 142 744 189 X.
766 141 813 188 XI.
966 143 993 189 ll

10 243 20 250 .
86 235 93 241 ‘
149 221 272 284 eonsule3
291 220 339 274 sed
352 227 450 286 tauron,
469 225 500 272 ut
518 237 566 274 vos
583 223 691 288 videtis,
707 237 761 274 non
773 221 853 288 plane
865 238 908 274 mc
921 239 995 274 oner-

150 298 224 350 uavit
245 313 294 348 nec
310 295 406 348 adlisit
422 299 563 361 senectus3
581 314 634 350 non
653 299 728 350 curia
744 297 817 350 vires
835 314 909 350 meas
927 298 997 350 dosi-

150 373 236 426 derat.
248 384 301 426 non
313 376 410 437 rostra,
429 388 481 425 nou
500 373 586 439 amici,
603 391 656 426 non
669 374 790 435 clientes,
802 391 855 426 non
868 374 996 442 hospites.

152 449 209 501 Nec
227 450 297 500 eninr
316 465 436 516 unquam
455 465 514 501 sum
532 466 657 502 assensus
672 450 758 502 veteri
775 449 813 502 illi
832 450 996 518 laudatoque
1046 496 1050 503 .

150 525 293 591 proverbio
306 524 380 592 quod
392 528 493 591 monet,
510 529 618 578 maimo
634 526 692 577 lieri
712 541 810 585 senem,
830 526 850 576 si
870 525 918 577 diu
929 526 996 578 velis

149 618 209 652 csse
222 618 311 652 senex.
348 600 405 667 ligo
418 616 482 652 vero
494 616 538 652 me
551 600 639 652 minus
652 600 699 652 din
712 618 803 652 sonem
817 616 876 653 esse
888 601 995 652 malleni

151 693 230 742 qnam
256 693 315 728 esse
340 692 432 728 senem
457 680 521 728 anto
546 693 628 744 quam
653 693 750 728 essem.
796 676 894 742 ltaque
918 693 996 727 nenio

150 752 237 803 allino
257 751 399 804 convenire
418 768 462 804 mo
481 751 566 803 voluit
586 752 628 803 cui
649 752 747 803 frrcrim
767 756 920 818 occupatus.
957 758 997 804 33.

142 829 191 896 ΔΛι
205 827 293 880 minus
305 827 392 880 habco
405 827 503 879 virium
516 844 598 894 quam
609 832 731 880 vestrum
746 828 856 881 utervis.
895 827 919 878 N
922 844 937 879 e
950 844 997 879 vos

150 902 261 970 quidem
274 902 302 955 Τ.
316 902 406 955 Pontii
419 903 585 955 centurionis
598 904 669 955 vires
681 902 799 956 habetis:
819 919 883 955 num
895 903 996 955 idcirco

150 983 193 1030 cst
205 979 250 1031 ille
262 979 457 1046 praestantiori
495 978 649 1030 Moderatio
662 979 742 1032 modo
756 978 853 1031 virium
873 979 996 1041 adsit‚·et

76 1045 81 1056 ⁸
150 1058 257 1106 tantum
281 1058 412 1122 quantum
433 1058 525 1122 potest
545 1055 660 1121 quisque
682 1055 800 1119 nitatur;
821 1072 856 1108 ne
873 1055 919 1108 ille
942 1071 996 1106 non

150 1147 248 1197 magno
267 1129 404 1183 desiderio
422 1129 564 1182 tenebitur
582 1130 687 1182 virium.
728 1130 869 1198 Olympiae
880 1135 996 1198 persta

150 1205 225 1258 dium
242 1207 380 1274 ingressus
399 1223 458 1260 esse
476 1205 543 1258 Milo
562 1206 671 1271 dicitur,
686 1223 768 1274 quum
784 1206 903 1259 hrunoris
916 1207 995 1259 susti-

149 1286 229 1335 neret
240 1282 336 1336 borem
348 1284 446 1335 vivum.
484 1282 586 1335 Utrum
605 1282 689 1349 igitur
705 1281 753 1334 has
765 1283 885 1349 corporis
897 1299 931 1334 an
946 1281 996 1349 Py-

149 1358 280 1425 thagorae
303 1358 355 1411 tibi
374 1358 452 1410 malis
472 1359 543 1410 vires
564 1358 664 1424 ingenii
687 1357 763 1410 darii
799 1357 925 1425 Denique
943 1357 996 1411 isto

150 1433 219 1485 bono
238 1438 315 1487 utare
334 1435 400 1486 dum
418 1434 504 1498 adsit;
526 1450 610 1501 quum
633 1432 705 1484 absit
724 1449 758 1484 ne
781 1433 919 1500 requiras3
944 1434 995 1485 nisi

149 1509 220 1562 sorte
238 1509 425 1563 adolescentes
443 1509 598 1578 pueritiam,
617 1507 737 1576 paullum
752 1511 844 1560 aetate
860 1511 994 1576 progressi

148 1584 359 1638 adolescentiam
372 1585 475 1638 debent
488 1585 637 1652 requirere.
658 1583 759 1636 Cursus
768 1588 811 1636 est
819 1588 911 1636 certus
922 1588 995 1637 aota-

149 1659 185 1711 tis
205 1662 234 1712 et
252 1677 306 1713 una
326 1661 370 1714 ria
388 1666 503 1714 naturae
522 1676 609 1728 eaquo
631 1660 753 1727 simplex,
776 1675 879 1727 suaque
898 1660 995 1728 cuique

148 1736 221 1803 parti
245 1737 344 1790 aetatis
368 1737 569 1805 tempestivitas
592 1740 635 1790 est
656 1736 728 1802 data,
751 1740 783 1789 ut
804 1740 833 1789 et
851 1736 995 1789 infirmitas

149 1828 301 1878 puerorum,
324 1817 352 1866 ct
372 1812 499 1866 ferocitas
512 1812 653 1881 juvenum,
675 1815 704 1865 et
720 1812 841 1879 gravitas
857 1811 916 1879 jam
934 1829 995 1865 con-

164 1889 247 1939 tantis
267 1889 373 1955 aetatis,
391 1892 420 1941 ot
439 1889 588 1942 senectutis
607 1889 751 1941 maturitas
772 1888 895 1942 naturale
917 1889 994 1956 quid-

150 1962 211 2015 „lam
223 1964 322 2018 habeat
335 1966 408 2033 quod
422 1982 470 2017 suo
482 1969 606 2033 temporo
617 1964 722 2033 percipi
734 1964 842 2018 debeat
879 1971 918 2019 34.
937 1966 995 2017 Au-

135 2038 208 2097 ,diro
227 2042 257 2092 te
276 2040 401 2108 arbitror,
424 2042 520 2109 Scipio,
541 2042 640 2109 hospes
661 2044 726 2094 tuus
744 2041 833 2093 avitus
852 2040 995 2093 Masinissa

148 2131 218 2181 qnae
230 2116 312 2169 faciat
326 2118 407 2171 hodie
424 2118 574 2185 nonaginta
588 2123 669 2169 natus
681 2134 765 2170 annos
773 2138 780 2181 ;
799 2133 882 2184 quum
894 2117 994 2184 ingres·

148 2206 193 2243 sus
206 2192 259 2244 iter
270 2192 385 2260 pedibus
402 2194 445 2261 sit,
463 2194 492 2246 in
506 2210 607 2261 equum
625 2194 733 2246 omnino
746 2208 800 2245 non
813 2191 995 2257 adscendere3

148 2282 231 2333 quum
255 2284 332 2336 equa,
357 2287 389 2322 ex
416 2287 485 2337 equo
510 2285 564 2322 non
588 2268 754 2322 descendere
761 2290 768 2334 ;
796 2268 871 2321 nullo
898 2268 994 2333 imbre,

148 2340 220 2394 nullo
231 2342 333 2410 frigore
344 2345 443 2398 adduci
460 2348 492 2399 ut
508 2345 597 2413 capite
610 2349 705 2412 operto
718 2345 767 2408 sit;
785 2360 917 2396 summam
936 2360 995 2397 esse

147 2416 175 2467 in
194 2433 227 2469 eo
247 2419 367 2486 corporis
385 2421 550 2485 siccitatem
571 2421 664 2489 itaquo
683 2420 773 2473 omnia
792 2420 904 2487 exsequi
923 2421 996 2487 regis

148 2490 235 2544 officia
253 2494 283 2545 et
301 2509 420 2548 munera.
456 2495 552 2549 Potest
569 2496 654 2563 igitur
671 2495 833 2549 exercitatio
849 2499 878 2548 et
890 2499 994 2563 tompo-

148 2566 237 2619 runtia
254 2567 337 2620 etiarn
358 2569 386 2621 iu
409 2573 550 2623 senectute
573 2586 733 2623 conservare
757 2570 862 2638 aliquid
885 2572 994 2639 pristini

147 2641 259 2695 roboris.

199 2718 256 2771 Xl..
287 2720 350 2773 Non
368 2722 477 2773 suntin
496 2723 728 2776 senectuterires.
766 2721 995 2791 Nepostulantur

147 2793 258 2859 quidem
270 2796 341 2848 vires
353 2814 370 2849 a
381 2800 528 2851 senectuto.
565 2798 638 2865 Ergo
656 2801 685 2851 et
702 2797 808 2865 legibus
820 2802 849 2850 et
861 2798 994 2850 institutis

147 2873 226 2921 vacat
237 2874 314 2923 aetas
326 2876 420 2925 nostra
431 2872 591 2926 muneribus
608 2874 641 2926 iis
660 2890 730 2942 quae
744 2890 797 2926 non
809 2877 924 2941 possunt
936 2874 994 2925 sine

146 2942 250 2997 viribus
269 2947 406 3001 sustineri.
443 2948 542 3015 Itaque
563 2966 616 3002 nou
637 2948 718 3001 modo
738 2949 812 3016 quod
829 2966 883 3001 nou
901 2964 994 3016 possu-

147 3033 215 3085 mus,
223 3021 272 3073 sed
281 3039 316 3076 no
328 3027 461 3091 quantum
469 3039 613 3091 possumus
625 3024 736 3091 quidem
748 3025 876 3091 cogimur.
899 3030 940 3077 35.
954 3026 994 3076 At

147 3093 187 3146 ita
198 3096 277 3149 multi
289 3103 353 3152 sunt
367 3098 496 3152 imbecilli
508 3115 588 3152 senes
605 3103 637 3151 ut
655 3099 759 3152 nullum
777 3099 856 3153 officii
873 3100 922 3151 aut
939 3113 993 3149 om-

142 3168 211 3231 nino
228 3172 301 3226 vitae
312 3190 412 3227 munus
428 3174 540 3243 exsequi
556 3174 668 3243 possint.
704 3174 746 3228 At
763 3174 793 3227 id
811 3172 922 3242 quidem
939 3186 992 3224 non
