2200 3450
107 143 137 187 32
333 138 370 186 M.
389 137 517 186 TULLII
535 136 724 184 CICERONIS

104 220 167 273 mali
184 220 313 274 accidisse
330 219 447 286 Scipioni
463 221 530 286 puto
539 238 545 282 3
568 217 634 270 mihi
649 217 750 270 accidit
764 217 786 270 si
802 218 870 286 quid
887 218 955 273 acci.

105 295 154 349 dit.
191 296 252 349 Suis
264 299 355 348 autem
369 293 547 346 incommodis
560 293 680 359 graviter
692 294 755 358 angi
770 309 824 346 non
839 294 954 347 amicum

105 371 154 424 sed
167 388 196 424 se
210 371 299 440 ipsum
311 370 428 426 amantis
440 373 491 428 est.
514 375 553 423 ll.
573 369 642 421 (lum
657 369 704 420 illo
716 385 780 420 vero
795 369 857 436 quis
873 375 957 439 neget

104 450 196 500 actum
208 464 268 499 esse
280 447 434 514 praeclare!
471 445 531 498 Nisi
544 446 624 510 enim,
638 445 712 512 quod
727 444 773 497 ille
785 445 896 498 minime
907 464 957 514 pu-

106 523 191 588 tabat,
209 521 442 575 immortalitatem
455 525 550 589 optare
563 521 653 585 vellet
666 520 734 588 quid
750 523 860 574 nonest
875 521 955 589 adep

108 602 151 651 tus
169 599 243 666 quod
261 597 362 651 homini
380 598 421 650 fas
438 601 511 651 esset
528 598 642 665 optarci
662 597 709 664 qui
727 612 859 649 summam
879 613 956 664 spem

106 675 211 739 civium,
224 690 305 742 quam
318 673 353 726 dc
366 689 398 726 eo
407 673 466 740 jam
479 689 564 741 puero
578 672 739 739 habuerant,
753 673 881 725 continuo
894 672 957 725 ado

106 750 210 802 lesccns
233 749 385 802 incredibili
407 749 509 802 virtute
534 749 687 816 superavit3
716 748 763 816 qui
787 749 955 801 consulatum

106 826 187 894 petiit
210 841 356 892 nunquam,
380 825 468 877 factus
491 828 534 878 est
553 825 647 877 consul
670 824 727 888 bis3
752 824 871 892 primum
892 828 957 878 ante

107 908 229 970 tempus;
253 901 354 954 iterum
372 900 424 953 sibi
442 917 490 953 suo
509 904 641 968 tempore,
660 901 701 953 rei
719 899 956 968 publicae-paene

108 993 184 1042 sero;
202 977 249 1044 qui
266 976 372 1030 duabus
383 975 497 1029 urbibus
509 977 611 1029 cversis
626 976 816 1041 inimicissimis
830 976 893 1029 huic
909 977 958 1029 im-

108 1053 184 1120 perio
207 1068 261 1105 non
280 1052 360 1105 modo
381 1054 536 1121 praesentia
555 1070 650 1106 verum
670 1053 752 1105 etiam
771 1053 864 1106 futura
887 1052 958 1106 bella

109 1129 217 1182 delevit.
254 1129 326 1194 Quid
343 1129 430 1182 dicam
448 1128 483 1180 dc
498 1129 621 1181 moribus
637 1128 779 1195 facillimis,
796 1127 832 1182 de
854 1129 959 1197 pietate

109 1205 137 1258 in
160 1210 284 1272 matrem,
310 1204 475 1258 liberalitate
498 1205 526 1258 in
554 1221 666 1269 sorores,
691 1204 813 1258 bonitate
837 1206 865 1256 in
889 1222 958 1271 suos,

105 1281 216 1349 justitia
230 1282 258 1334 in
272 1282 381 1334 amnesi
401 1281 474 1334 Nota
490 1285 554 1334 suni
568 1281 652 1334 vobis.
688 1280 883 1345 Quam'autem
898 1282 959 1334 ciri-

110 1357 162 1410 tati
180 1374 257 1411 carus
274 1357 361 1410 fuerit
375 1373 498 1411 maerore
515 1356 618 1412 funeris
633 1356 784 1412 indicatum
800 1359 850 1410 est.
887 1358 959 1421 Quia

110 1433 195 1500 igitur
212 1433 283 1487 hunc
301 1449 448 1502 paucorum
466 1450 596 1486 annorum
614 1434 730 1487 accessio
743 1433 842 1508 juvare
859 1434 961 1500 potuis-

112 1511 171 1563 scii
207 1509 338 1564 Senectus
354 1509 426 1563 enim
442 1509 565 1578 quamvis
578 1526 632 1563 non
647 1509 684 1563 sit
696 1510 795 1577 gravis,
807 1511 839 1562 ut
850 1508 961 1561 memini

113 1585 244 1638 Catonem
262 1602 332 1638 anno
351 1590 414 1640 ante
433 1601 516 1653 quam
534 1590 658 1639 mortuus
676 1591 718 1640 cst
734 1602 840 1639 mecum
857 1590 961 1638 etcum

113 1661 236 1731 Scipione
249 1662 392 1727 disserere,
408 1665 499 1715 tamen
511 1661 601 1715 aufert
613 1679 673 1714 cam
685 1663 853 1715 viriditatem
867 1661 894 1714 in
908 1679 962 1729 qui

113 1738 268 1791 etiamnunc
291 1742 351 1791 erat
375 1738 470 1807 Scipio.
509 1744 546 1790 12.
574 1739 756 1803 Quamobrem
775 1739 832 1791 rita
851 1738 962 1805 quidem

113 1814 178 1866 talis
190 1812 243 1866 fuit
255 1814 298 1867 vel
311 1813 420 1868 fortuna
432 1815 475 1867 rel
486 1815 574 1882 gloria
585 1817 617 1867 ut
629 1813 697 1866 nihil
713 1816 808 1882 posset
823 1812 963 1865 accedere:

114 1888 248 1942 moriendi
264 1892 356 1942 autem
372 1906 479 1943 sensum
494 1890 619 1943 celeritas
633 1889 754 1943 abstulit.
792 1888 851 1953 Quo
866 1889 901 1941 de
916 1906 963 1955 gc-

117 1981 182 2017 nere
194 1965 289 2017 mortis
301 1964 408 2018 difficile
418 1965 492 2018 dictu
506 1970 563 2030 est3
582 1966 649 2034 quid
660 1965 783 2018 homines
795 1965 964 2033 suspicentur

116 2040 223 2094 videtis.
263 2040 321 2093 Hoc
343 2057 407 2095 rere
424 2044 517 2095 tamen
537 2043 601 2095 licet
623 2042 722 2109 dicere,
742 2041 772 2093 P.
792 2040 909 2108 Scipioni
931 2058 964 2093 ex

117 2116 210 2169 multis
225 2115 322 2169 diebus
338 2133 405 2182 quos
422 2118 522 2171 invita
540 2118 732 2171 celeberrimos
749 2118 965 2184 laetissimosque

117 2192 218 2245 viderit
231 2192 307 2244 illum
322 2191 395 2244 diem
410 2192 589 2245 clarissimum
604 2194 695 2259 fuisse,
711 2210 795 2260 quum
810 2192 912 2245 Senatu
927 2194 965 2245 di-

117 2266 202 2321 misso'
225 2268 335 2321 domum
360 2267 489 2321 reductus
512 2270 548 2321 ad
569 2285 712 2337 vesperum
737 2273 780 2321 est
803 2285 820 2320 a
843 2268 966 2337 patribus

118 2344 284 2412 conscriptis,
309 2344 407 2411 propulo
433 2344 564 2410 liomano,
589 2345 667 2397 sociis
691 2348 721 2398 et
741 2345 853 2409 Latinis,
877 2345 966 2412 pridie

117 2438 200 2489 quam
215 2420 332 2473 excessit
346 2436 362 2473 e
377 2420 448 2484 vita;
469 2424 501 2473 ut
519 2437 554 2473 ex
572 2424 629 2473 tam
646 2421 702 2474 alio
720 2420 863 2491 dignitatis
880 2421 966 2487 gmdu

119 2497 155 2548 ad
174 2512 285 2564 superos
304 2496 429 2549 videatur
447 2496 513 2549 deos
530 2498 719 2565 potiusquam
736 2497 773 2549 ad
790 2496 890 2549 inferos
908 2513 965 2563 pcr-

122 2572 234 2625 venisse.

172 2648 222 2701 IV.
260 2653 299 2701 13.
324 2647 421 2716 Neque
440 2649 511 2701 enim
529 2651 664 2703 assentior
681 2650 715 2702 iis
732 2650 779 2717 qui
797 2650 864 2703 haec
882 2665 968 2716 nuper

121 2724 257 2778 disserere
266 2731 421 2792 eoepenmt,
433 2742 494 2778 cum
507 2726 668 2793 corporibus
680 2726 760 2779 simul
772 2726 876 2778 animos
888 2724 969 2776 inter-

120 2802 160 2854 ire
180 2804 263 2868 atque
282 2801 372 2853 omnia
386 2805 475 2853 morie
489 2800 584 2855 deleri.
621 2802 685 2855 Plus
700 2801 773 2869 a'pud
788 2818 832 2853 mc
847 2801 968 2866 antiquo-

120 2894 181 2928 rum
193 2876 340 2928 auctoritas
347 2876 420 2929 valet
432 2876 474 2929 vel
487 2882 641 2931 nostrorum
651 2876 785 2945 majorum
795 2877 843 2945 qui
854 2876 970 2928 mortuis

120 2957 177 3005 tam
196 2950 323 3018 religiosa
337 2950 402 3018 jura
421 2948 585 3018 tribuerunt,
605 2953 679 3021 quod
698 2966 751 3004 non
768 2953 897 3005 fecissent
912 2968 970 3019 pro⁸

121 3028 201 3091 lecte,
214 3027 237 3079 si
249 3026 315 3079 nihil
327 3027 363 3079 ad
376 3044 422 3079 cos
434 3028 573 3094 pertinere
585 3028 802 3093 arbitrarentur3
820 3027 862 3080 rel
875 3043 970 3081 eorum

121 3105 168 3170 qui
191 3104 218 3155 in
237 3101 286 3155 hac
305 3106 381 3156 terra
398 3103 510 3155 fuerunt
528 3119 709 3171 magnamquc
729 3103 879 3167 Graeciam,
900 3119 972 3170 quac

122 3195 192 3245 ariane
205 3178 315 3246 quidem
328 3177 420 3231 deleta
433 3181 476 3231 est
490 3180 562 3237 time,
570 3177 693 3242 florebat,
706 3176 841 3231 institutis
853 3181 884 3231 et
895 3194 973 3246 prae
