2200 3450
95 181 134 228 ‘94
331 178 370 228 M.
387 177 514 228 TULLII
530 177 720 228 CICERONIS

250 302 273 350 4.
308 300 347 349 Μ.
365 300 492 349 CICERO
509 299 535 348 S.
553 299 586 347 D.
606 298 645 348 M.
665 297 807 349 CATONI.

371 388 424 450 (xv.
443 391 466 437 6.
501 399 603 438 mne
623 386 689 457 704..)
778 453 781 456 Ι

156 473 259 528 Laetus
270 489 331 527 snm
343 474 449 527 laudari
461 490 514 539 me,

103 549 194 618 inquit
207 551 321 618 Hector,
334 551 430 619 opinor
441 551 516 618 apud
528 549 670 616 Naevium,
849 613 853 624 .

492 624 543 679 abs
555 629 592 691 te,
605 630 692 694 pater,
704 641 721 678 a
731 624 845 678 laudato
857 625 923 680 viro.

105 701 146 754 lla
162 706 206 756 est
220 701 293 757 enim
311 702 434 771 prolecto
448 701 573 770 jucunda
584 701 644 755 laus
656 718 727 770 quae
738 701 774 755 ab
791 701 826 756 iis
837 701 959 771 proficis-

103 779 179 833 citur
196 778 244 848 qui
263 779 316 846 ipsi
335 779 363 831 ln
379 779 462 832 laude
478 778 614 834 vixerunt.
649 777 707 846 Ego
722 793 789 832 vero
804 777 849 836 rel
866 781 959 846 gratu-

104 855 207 909 latione
236 855 520 922 literarum-tmarnm
543 854 587 908 vel
615 855 781 910 testimoniis
805 855 960 910 sententiae

105 931 206 998 dietae,
217 930 284 984 nihil
297 934 341 984 est
352 931 428 1000 qnod
439 947 484 985 me
495 947 550 984 non
562 934 717 984 assecutum
728 932 831 998 putem.
868 930 960 1000 quue

104 1007 171 1060 mihi
194 1024 280 1076 quum
299 1007 505 1076 amplissimum,
520 1009 580 1060 tum
601 1007 787 1073 gratissimum
810 1009 861 1074 est,
880 1009 910 1060 te
930 1007 960 1059 li-

106 1083 207 1136 benter
226 1083 363 1137 amicitiae
386 1083 496 1137 dedisse
515 1083 590 1151 quod
609 1082 714 1150 liquido
735 1083 845 1137 veritati
869 1083 959 1139 dares.

108 1159 143 1213 llt
166 1160 189 1213 si
210 1175 263 1213 non
282 1159 364 1213 modo
387 1176 489 1226 omnes,
509 1175 605 1213 verum
629 1159 714 1212 etiam
738 1158 818 1212 multi
839 1159 959 1214 Catones

108 1239 201 1290 essent
218 1236 247 1288 in
266 1236 378 1290 civitate
396 1239 498 1302 nostra,
518 1234 548 1287 in
568 1251 623 1303 qna
643 1250 728 1287 unum
749 1234 889 1288 exstitisse
910 1236 959 1288 mi-

103 1312 194 1366 rabile
206 1316 258 1380 est,
268 1329 350 1382 quem
362 1328 415 1380 ego
425 1327 536 1365 currum
547 1316 597 1364 aut
608 1327 691 1379 quem
702 1311 824 1365 lauream
836 1327 898 1365 enm
911 1315 959 1366 tua

108 1388 266 1442 laudatione
285 1389 456 1442 conferrem?
474 1424 477 1428 -
492 1387 565 1440 Nam
582 1385 618 1440 ad
637 1403 728 1440 meum
748 1403 858 1441 sensum
876 1388 959 1442 etad

108 1464 178 1518 illud
201 1465 335 1519 sincerum
358 1481 391 1518 ec
414 1462 516 1517 subtile
533 1461 762 1531 judicium-nibil
784 1465 959 1532 potestesse

109 1541 273 1595 laudabilius
291 1558 373 1609 qnam
392 1557 425 1594 ea
443 1545 493 1595 tna
510 1541 599 1595 oratio
623 1556 693 1608 quae
717 1539 815 1593 estad
834 1556 878 1594 me
898 1557 959 1609 per-

40 1660 42 1662 .
109 1616 212 1687 scripta
222 1634 239 1670 a
251 1618 320 1670 meis
330 1617 499 1671 necessariis.
524 1617 580 1671 Sed
592 1632 700 1670 eausam
713 1631 791 1669 meae
802 1617 959 1684 voluntatis,

109 1693 252 1748 nonenim
272 1693 360 1746 dicam
379 1693 546 1762 cupiditatis,
566 1692 680 1762 exposui
699 1690 752 1746 tibi
772 1693 959 1761 superioribus

109 1770 206 1838 literis,
226 1785 297 1838 qnae
317 1770 424 1823 etiamsi
447 1786 544 1838 parum
564 1768 644 1837 justa
664 1767 716 1823 tibi
737 1768 796 1822 visa
819 1773 869 1838 est,
891 1770 959 1825 hanc

110 1851 204 1911 tamen
224 1844 309 1897 habet
329 1846 471 1913 rationem,
491 1862 545 1899 non
569 1850 601 1900 ut
623 1845 705 1899 nimis
728 1847 959 1915 concupIscendns

109 1920 202 1988 honos,
218 1920 268 1975 sed
284 1924 377 1974 tamen
394 1922 417 1975 si
435 1921 577 1976 deferatur
593 1938 610 1975 a
624 1925 721 1977 senatu
737 1922 849 1976 minime
867 1940 958 1993 asper-

110 1997 216 2051 nandus
227 2012 288 2049 esse
300 1996 435 2051 videatur.
471 1998 558 2066 Spero
575 2001 667 2059 autem
682 1998 757 2051 illum
771 1998 895 2053 ordinem
908 2017 958 2069 pro

110 2073 179 2127 meis
197 2072 307 2127 obrem
325 2073 461 2141 publicam
481 2075 614 2144 susceptis
629 2074 768 2129 laboribus
784 2091 828 2129 me
846 2092 900 2129 non
919 2077 959 2130 in-

110 2151 223 2219 dignum
253 2148 362 2217 honora,
391 2150 494 2204 usitato
527 2150 698 2219 praesertim,
729 2151 959 2211 existimaturum.

111 2227 191 2293 Quod
209 2225 233 2281 si
250 2225 291 2280 ita
309 2226 370 2293 erit,
386 2228 495 2281 tentum
512 2242 547 2279 ex
565 2230 594 2280 te
611 2230 684 2294 peto,
703 2228 777 2296 qnod
794 2228 958 2284 amicissime

110 2304 214 2372 scribis,
233 2306 273 2370 ut,
291 2320 376 2371 quum
395 2305 446 2357 tuo
460 2302 568 2368 judicio
589 2302 664 2371 quod
682 2303 879 2371 amplissimum
898 2322 958 2360 esse

109 2381 252 2435 arbitraris
262 2379 329 2433 mihi
345 2379 483 2445 tribueris,
499 2379 522 2433 si
539 2378 570 2431 id
588 2379 663 2447 quod
680 2380 800 2433 maluero
817 2381 956 2450 acciderit,

108 2458 237 2525 gaudeas.
272 2456 317 2510 Sic
337 2456 410 2509 enim
425 2456 523 2510 fecisse
543 2460 573 2509 te
589 2459 619 2509 et
637 2456 754 2509 sensisse
770 2459 800 2509 et
816 2457 957 2526 scripsisse

109 2534 204 2599 video;
220 2549 319 2601 resque
329 2532 389 2600 ipsa
401 2531 523 2586 declarat
534 2532 586 2586 tibi
597 2532 675 2585 illum
691 2532 821 2587 honorem
833 2537 957 2588 nostrum

108 2609 313 2679 supplicationis
321 2608 474 2676 jucundum
486 2608 578 2675 fuisse,
591 2608 666 2677 quod
681 2607 825 2662 scribendo
837 2608 957 2663 adfuisti.

109 2686 188 2740 Haec
204 2684 277 2739 enim
293 2689 406 2738 senatus
422 2684 546 2738 consulta
560 2700 614 2739 non
628 2684 723 2752 ignoro
736 2683 771 2737 ab
787 2685 957 2739 amicissimis

108 2760 169 2829 ejus
190 2760 270 2829 cujus
294 2761 330 2816 de
352 2760 455 2814 bonore
480 2760 573 2828 agitur
596 2760 678 2815 scribi
704 2760 798 2814 solere.
835 2760 901 2829 Ego,
925 2764 957 2816 ut

108 2852 196 2908 spero,
213 2840 243 2891 ta
259 2836 419 2906 propediem
436 2836 536 2891 videbo
545 2858 553 2903 ;
576 2841 661 2905 atque
677 2836 782 2891 utinam
801 2853 832 2891 re
849 2838 958 2907 publica

109 2914 220 2969 meliore
232 2930 316 2983 quam
327 2913 420 2968 timeo.

189 3042 197 3055 ·
285 3033 309 3081 5.
343 3030 501 3084 TULLIUS
517 3031 542 3082 S.
562 3032 595 3081 D.
613 3032 739 3081 TIRONI
755 3032 780 3081 S.

360 3114 425 3178 (xvi.
444 3117 482 3164 12.
517 3126 617 3165 mue.
635 3113 701 3176 705.)

108 3208 169 3273 Quo
185 3208 214 3263 in
230 3208 388 3264 discrimine
402 3213 528 3268 versetur
538 3210 612 3265 salus
628 3227 690 3267 mea
705 3214 735 3265 et
749 3210 884 3268 bonorum
900 3231 957 3268 om-

3 3334 84 3419 ἱ
139 3403 144 3415 i

1008 3048 1012 3056 x

1012 3059 1018 3070 u

1029 3104 1037 3113 ι

1046 3146 1064 3165 *s

1084 3303 1090 3321 ι
