2200 3450
264 577 321 652 u.
344 522 536 649 runnu
567 570 865 648 CICERONIS

283 758 590 846 uuisionnnuu
612 758 733 814 uisui
754 758 852 816 nuo,
922 739 924 742 ’

510 983 584 1036 LlB.
603 983 625 1035 Ι.

249 1208 271 1253 1.
303 1203 461 1276 TULLIUS
477 1203 685 1250 TERENTIAE
702 1203 796 1252 SUAE
814 1205 840 1252 S.
853 1205 885 1253 D.

404 1303 469 1364 (er.
482 1304 521 1350 21.
556 1315 581 1349 n.
595 1313 620 1348 n.
634 1314 656 1349 c.
670 1301 736 1362 704.)

142 1411 163 1449 s.
181 1408 208 1446 ν.
224 1407 251 1444 B.
267 1406 294 1443 n.
312 1409 338 1443 v.
374 1390 417 1441 Da
435 1405 546 1456 operam
562 1392 594 1440 ut
610 1389 788 1442 convalescas.
824 1389 905 1454 Quod
924 1408 993 1461 opus

143 1469 204 1534 orit,
216 1471 249 1521 ut
264 1483 310 1520 res
321 1469 485 1532 tempusque
502 1463 630 1531 postulat,
643 1464 788 1531 provideas
805 1468 889 1534 atque
908 1466 992 1520 admi-

142 1547 259 1610 nistres3
278 1545 307 1596 et
327 1542 364 1594 ed
382 1557 426 1593 me
445 1539 481 1592 de
496 1538 622 1592 omnibus
636 1539 718 1592 rebus
734 1555 815 1606 quam
834 1541 992 1610 saepissime

142 1621 237 1674 literas
248 1620 350 1672 mittas.
385 1615 464 1669 Vale.

261 1760 285 1806 2.
319 1753 477 1805 TULLIUS
493 1751 701 1800 TERENTIAE
719 1746 813 1802 SUAE
830 1752 855 1803 S.

410 1856 475 1916 (xiv.
489 1854 511 1902 8.
547 1866 574 1901 A.
588 1865 613 1902 n.
626 1866 648 1901 ο.
667 1852 733 1915 704.)

142 1965 165 2001 e.
182 1962 208 2000 v.
226 1961 252 1998 n.
269 1959 295 1998 n.
312 1958 337 1997 n.
355 1960 380 1998 v.
417 1940 611 1995 Valetudinem
633 1946 709 1994 tuam
728 1941 809 1995 velim
830 1960 909 1997 cures
933 1944 993 1998 dili-

142 2020 307 2088 gentissime.
343 2019 368 2071 N
370 2034 414 2070 am
426 2018 492 2070 mihi
505 2020 534 2070 ot
546 2017 678 2085 scriptum
691 2021 720 2071 et
734 2020 892 2073 nunciatum
907 2024 949 2073 est
964 2026 993 2073 tc

142 2098 170 2149 in
181 2096 279 2149 febrim
292 2094 383 2147 subito
392 2093 528 2147 incidisse.
565 2092 643 2156 Quod
657 2093 784 2147 celeriter
795 2112 839 2148 me
851 2095 941 2148 fecisti
958 2098 993 2149 do

143 2173 267 2226 Caesaris
287 2172 374 2224 literis
393 2171 546 2237 certiorem,
565 2170 654 2222 fecisti
677 2170 745 2222 mihi
767 2174 883 2238 gratum.
921 2172 992 2225 Item

141 2249 262 2315 posthac,
275 2248 297 2301 si
314 2246 382 2314 quid
397 2262 465 2312 opus
479 2245 541 2311 erit,
554 2244 578 2297 si
594 2244 663 2311 quid
679 2244 810 2298 acciderit
826 2247 897 2313 novi,
910 2247 993 2300 facies

142 2324 275 2377 ulsciam
311 2322 384 2375 eura
395 2324 427 2373 ut
439 2320 537 2373 valeas
573 2320 649 2373 Vale.
681 2319 715 2374 D.
726 2334 780 2373 1111.
792 2321 886 2374 Nonas
898 2323 963 2375 Jun.

159 2492 164 2499 .
255 2465 278 2511 a
311 2458 469 2509 ruinius
486 2458 693 2506 TERENTIAE
711 2460 806 2510 suan
801 2402 953 2509 'alili

398 2549 463 2607 (xiv
478 2549 516 2594 1³
552 2558 652 2595 affluo
673 2548 738 2611 706.)

143 2640 223 2707 Quod
242 2654 292 2692 nos
309 2636 338 2689 in
361 2634 470 2688 Italiam
489 2632 578 2686 salvos
597 2635 704 2689 venisse
727 2636 839 2705 gaudee,
858 2643 993 2707 perpetuo

141 2717 261 2785 gaudeas
273 2713 363 2767 velim.
393 2711 448 2765 Sed
460 2710 617 2779 perturbati
631 2710 724 2765 dolore
737 2713 820 2766 animi
832 2714 993 2783 magnisque

143 2793 250 2860 injuriis
266 2793 358 2843 metuo
375 2805 410 2842 ne
425 2788 455 2842 id
471 2787 575 2841 consilii
592 2789 744 2858 ceperimus
762 2790 837 2857 quod
848 2806 902 2842 non
914 2791 993 2843 facilc

143 2866 431 2958 explicarepossimus
456 2867 547 2931 Quare
559 2870 691 2935 quonum
704 2869 753 2934 pot
755 2882 785 2919 es
741 2866 901 2934 ad'uva
921 2865 994 2929 Quid

143 2949 235 2999 autem
247 2945 334 3013 possis
346 2942 432 2996 mihi
424 2960 453 2995 1n
465 2946 586 2995 mentem
599 2960 652 2995 non
667 2944 748 2997 venit.
785 2942 856 2995 In'
832 2960 903 2995 viam
920 2941 993 3010 quod

143 3025 174 3075 te
185 3021 233 3075 des
244 3022 295 3075 hoe
307 3024 432 3089 tempore
443 3019 511 3074 nihil
524 3022 618 3074 est:e
620 3020 755 3087 tlongum
773 3022 817 3071 est
831 3019 885 3071 iter
898 3020 926 3069 et
939 3032 993 3069 non

144 3100 251 3150 tutum:
269 3099 298 3149 et
318 3113 373 3148 non
391 3097 471 3149 video
490 3095 559 3165 quid
577 3096 708 3163 prodesse
727 3094 816 3162 possis
835 3094 859 3147 si
880 3090 994 3147 veneris.

146 3172 223 3227 Vale.
260 3170 294 3226 D.
305 3171 377 3241 prid.
390 3172 490 3225 Nonas.
503 3172 529 3225 N
531 3170 637 3226 ovemb.
649 3168 804 3223 Brundisio.
