2200 3450
104 153 135 200 96
334 149 373 197 Μ.
391 145 518 196 TULLII
535 144 725 193 CICERONIS

101 231 201 287 iactari
214 247 275 285 esse
286 229 422 284 dicuntur.
458 228 516 295 ligo
530 227 620 282 adhue
630 243 695 280 orae
711 227 865 283 maritimae
876 245 952 297 prae.

102 324 164 359 sum
194 325 211 360 a
235 306 356 360 Formiis.
392 304 506 358 Nullum
529 303 619 372 majus
648 304 788 372 negotium
817 305 955 375 suscipere
1026 331 1029 342 ·

103 384 184 450 volui,
203 399 258 452 quo
273 382 337 450 plus
351 382 426 450 apud
439 381 516 434 illum
532 397 609 434 meae
625 381 722 434 literae
740 379 955 434 cohortationes-

102 460 209 528 quoad
228 475 323 526 pacem
339 458 469 512 valerent.
505 458 553 511 Sin
569 461 662 510 autem
678 449 857 523 orbitellam,
875 457 955 510 video

101 553 147 590 me
169 536 267 590 <astris
291 540 321 590 et
339 536 424 589 certis
444 534 820 602 legionibus,praefuturum.
856 531 954 586 Habeo

102 614 186 666 etiam
209 612 285 666 illam
308 611 461 664 molestiam
490 609 565 676 quod
592 609 735 662 Dolabella
759 612 853 662 noster
879 608 954 676 apud

103 692 248 743 Caesarem
261 693 312 743 est.
347 688 425 741 Haec
436 686 488 739 tibi
500 689 566 739 nota
578 701 638 738 esse
650 685 739 738 volui:
759 701 829 754 quae
842 701 907 738 cave
920 702 954 739 nc

102 769 130 816 te
148 765 324 832 perturbent,
337 768 365 818 et
389 762 543 831 impediant
567 760 751 815 valetudinem
774 765 858 814 tuam.
895 761 954 834 Ego

104 841 137 892 A.
163 841 288 906 Varroni,
314 856 397 908 quem
421 855 506 906 quum
527 838 743 892 amantissimum
763 838 818 891 mei
841 837 954 905 cognovi

102 920 162 970 tum
180 917 264 971 etiam
277 916 357 970 valde
374 915 415 969 tui
434 914 596 981 studiosum,
609 914 819 980 diligentissime
837 917 866 967 te
884 931 954 967 eom·

101 992 235 1059 mendam,
260 996 292 1046 nt
311 999 341 1046 et
361 990 527 1045 valetudinis
552 995 616 1044 tuae
636 991 769 1043 rationem
789 990 905 1043 haberet
924 993 954 1044 et

101 1069 287 1136 mvigationis
300 1072 330 1122 et
344 1072 434 1122 totum
446 1073 475 1122 te
492 1068 644 1136 susciperet
660 1082 692 1119 ac
708 1067 851 1120 tueretur:
869 1083 953 1134 quiem

101 1145 192 1197 omnia
212 1145 347 1199 loctunam
368 1144 491 1209 conlido;
516 1143 622 1212 recepit
646 1143 767 1198 enimet
789 1158 896 1196 meeum
916 1141 954 1194 lo

101 1224 182 1275 cutus
196 1225 240 1276 est
254 1222 420 1276 suavissime.
455 1222 496 1274 Tu
514 1221 642 1290 quoniam
659 1237 692 1273 eo
709 1223 832 1288 tempore
846 1235 952 1272 niceam

101 1313 226 1351 essenon
237 1299 360 1367 potuisti,
370 1313 425 1366 quo
434 1313 486 1365 ego
498 1297 616 1350 niaxime
628 1311 738 1366 operam
749 1299 777 1348 et
790 1293 953 1348 fidelitatem

101 1373 255 1427 desideravi
280 1378 364 1441 tuam,
385 1391 451 1427 cavo
472 1374 587 1427 festines
610 1376 659 1425 aut
679 1371 834 1424 committas
853 1374 885 1422 ut
904 1375 953 1424 aut

101 1467 183 1517 aeger
202 1454 252 1504 aut
271 1450 360 1504 hieme
384 1449 502 1517 naviges.
537 1449 697 1517 Numquam
715 1463 777 1502 sero
796 1450 824 1500 te
844 1446 952 1500 venisse

101 1526 211 1593 putabo,
224 1527 248 1580 si
259 1527 350 1579 salvus
362 1526 476 1579 veneris.
506 1525 608 1578 Adhuc
620 1524 757 1578 neminem
769 1522 892 1576 videram
904 1521 951 1590 qui

101 1606 130 1655 te
142 1607 238 1670 postca
249 1602 364 1656 vidisset
377 1619 458 1670 quam
471 1601 511 1655 M.
524 1600 660 1668 Volusius,
677 1615 693 1652 a
709 1616 764 1669 quo
780 1603 842 1651 tuas
856 1598 951 1652 literas

101 1679 193 1747 accepi
203 1699 218 1735 :.
227 1679 301 1748 quod
313 1695 366 1733 non
379 1677 506 1732 mirabar.
541 1677 641 1746 Neque
656 1676 729 1731 enim
744 1691 823 1729 meas
835 1679 902 1743 puto
914 1675 951 1729 ad

101 1759 130 1806 te
154 1755 248 1808 literas
271 1759 350 1809 tanta
370 1754 460 1808 hieme
485 1753 608 1822 perferri.
644 1752 700 1806 Sed
725 1752 760 1804 da
784 1766 894 1819 operam
918 1755 951 1805 ut

101 1830 207 1895 raleas;
225 1832 291 1884 etsi
307 1830 417 1893 valebis,
434 1847 517 1898 quum
533 1832 610 1883 recte
626 1828 747 1895 navigari
763 1828 873 1896 poterit,
890 1831 950 1881 tum

102 1906 218 1973 naviges
254 1906 350 1961 Cicero
369 1922 445 1959 niens
464 1907 492 1957 in
510 1906 655 1977 Formiano
673 1907 749 1958 erat:
774 1904 902 1957 Terentia
920 1907 950 1958 et
981 1926 985 1935 ·

101 1981 188 2033 Tullia
209 1981 320 2035 Romm
356 1982 428 2035 Cura
450 1986 483 2034 ut
506 1981 602 2034 valeas.
639 1996 677 2033 ιν.
703 1978 844 2033 Kalendas
869 1978 949 2033 Febr.

101 2058 201 2125 Capua.

187 2181 210 2223 6.
245 2175 371 2223 CICERO
389 2175 417 2223 F.
435 2174 561 2222 TIRONI
579 2174 645 2221 SUO
663 2171 819 2221 DULCISS.
838 2171 863 2219 S.

352 2265 416 2326 (xvi.
436 2266 474 2312 21.
509 2262 695 2321 euellit.)

101 2360 190 2423 Quum
213 2359 390 2426 vehementer
411 2357 568 2411 tabellarios
582 2354 799 2424 ‘exspectarem
814 2354 947 2427 quotidie,

99 2434 247 2503 aliquando
262 2438 397 2489 uenerunt
414 2431 477 2503 post¹
494 2432 569 2487 diem
586 2448 630 2487 xn.
648 2436 677 2485 et
690 2447 727 2486 m.
745 2447 827 2501 quam
842 2431 948 2485 avobis

99 2511 299 2576 ‹liseesserant3
316 2527 431 2579 quorum
450 2509 517 2563 milri
532 2510 585 2563 fuit
601 2509 735 2563 adventus
752 2507 946 2576 optatissimus.

100 2587 124 2638 N
128 2604 171 2639 am
188 2604 271 2655 quum
288 2587 434 2640 maximam
455 2586 587 2654 cepissem
606 2584 739 2639 laetitiam
759 2600 794 2637 en
812 2583 945 2643 humanis·

99 2662 159 2715 simi
172 2666 201 2716 et
212 2663 344 2716 carissimi
355 2662 442 2731 patris
454 2662 578 2730 epistola,
589 2665 649 2715 tum
661 2677 725 2714 vero
734 2658 948 2727 jucundissimae

99 2751 164 2792 tuae
180 2738 278 2792 literae
297 2738 433 2791 cumulum
451 2737 518 2789 mihi
536 2737 631 2805 gaudii
650 2736 809 2789 attulerunt.
849 2735 948 2801 ltaque

99 2831 143 2869 me
163 2813 223 2882 jam
241 2831 294 2868 non
317 2812 476 2883 poenitebat
494 2813 727 2881 intercapedinem
752 2808 888 2863 scribendi
908 2809 948 2862 fe-

98 2891 175 2958 cisse,
192 2890 242 2945 sed
257 2891 349 2961 potius
364 2889 504 2954 laetabar;
526 2890 646 2942 farctum
663 2887 735 2941 enim
754 2902 882 2953 magnum
897 2886 948 2937 lm-

99 2968 240 3022 manitatis
250 2971 316 3022 tuae
328 2966 467 3036 capiebam
483 2982 518 3019 ex
535 2964 645 3019 silentio
658 2979 781 3017 mearum
797 2963 946 3016 literarum.

102 3044 285 3099 Vehementer
306 3044 392 3113 igitur
409 3042 517 3111 gaudeo
540 3046 570 3095 te
588 3056 676 3094 meam
695 3039 753 3093 sine
774 3039 948 3093 dubitatione

98 3120 235 3187 accepisse
258 3121 467 3178 exeusationem.
502 3119 603 3173 Grates
625 3116 678 3172 tibi
701 3120 865 3186 optatosque
888 3131 948 3169 csse

100 3207 146 3259 qur
159 3195 194 3249 de
206 3213 250 3252 me
261 3214 385 3253 rumores
396 3195 548 3251 affeumtur
560 3211 612 3248 non
626 3194 730 3250 dubito.
741 3194 778 3247 mi
791 3192 948 3246 dulcissime

333 3363 378 3397 *a
