2200 3450
327 153 581 202 EPISTULARUM
598 153 701 202 LIBRI
718 154 800 204 DUO.
957 160 987 206 89

137 242 168 294 te
189 239 258 300 scira
281 235 368 303 capia
403 235 485 303 Spem
509 236 656 289 maximam
682 235 777 290 habeo.
793 236 822 290 in
845 236 932 291 Balbo
951 240 987 292 ad

138 333 220 382 quem
237 313 273 366 dc
287 316 318 366 te
332 311 543 384 diligentissime
559 316 588 365 et
603 313 761 381 saepissime
778 312 876 368 scribo.
913 314 987 368 illud

136 392 211 444 solco
223 388 325 454 mauri,
336 405 391 441 non
403 405 448 441 me
458 387 543 442 toties
555 389 678 458 accipere
692 393 755 443 tuas
770 389 866 444 literas
878 390 986 459 quoties

135 484 152 520 a
166 467 268 531 Quinto
279 465 345 518 mihi
356 465 444 518 tratre
455 464 611 518 afferantur.
648 466 681 518 ln
693 465 835 518 Britannia
847 466 914 519 nihil
926 483 986 520 esse

135 542 217 596 audio
233 559 323 610 neque
336 541 396 594 auri
406 557 497 611 neque
509 542 623 609 argenti.
660 541 695 594 Id
708 541 730 594 si
743 542 784 595 ita
795 545 845 609 est,
859 543 984 596 essedum

134 619 246 687 aliquod
257 618 349 687 capias
361 617 470 684 suadeo,
481 621 511 675 et
521 617 559 671 ad
567 633 617 670 nos
630 633 711 686 quam
724 617 842 686 primum
852 635 985 673 recurras.

135 695 183 748 Sin
201 699 293 749 autem
310 696 368 748 sine
383 695 526 748 Britannia
541 699 634 748 tamen
651 694 760 762 assequi
772 693 847 762 quod
861 695 984 748 volumus

134 787 286 839 possumus,
298 771 400 840 perfice
414 773 446 824 ut
462 771 499 824 sis
513 770 540 823 in
553 769 733 824 lumiliaribus
745 769 877 824 Caesaris.
913 770 984 822 Mul-

134 851 194 900 tum
214 851 243 901 te
262 848 290 900 in
309 865 341 901 eo
360 848 447 901 irater
467 846 612 916 adju-rabit
631 863 715 912 meus,
730 845 846 900 multum
865 845 985 908 Balbus;

134 923 191 988 sed,
204 924 269 976 mihi
285 924 375 990 crede,
388 927 452 977 tuus
466 923 556 992 pudor
568 927 597 978 et
609 923 686 977 labor
700 923 856 992 plurimum.
893 923 982 992 Impe-

134 1004 253 1053 ratorem
266 1000 492 1067 liberalissimum,
505 1004 625 1054 aetatem
642 999 904 1068 opportunissimam,
914 1016 983 1052 corn-

7 1096 8 1117 ι
22 1020 45 1132 b
134 1076 335 1130 mandationem
347 1081 423 1130 certe
439 1077 596 1145 singul-aren
626 1080 658 1129 ιιι
670 1076 722 1130 tibi
734 1092 816 1129 unum
829 1076 982 1130 timendum

35 1157 97 1218 Α
133 1152 171 1205 sit
183 1168 217 1205 ne
228 1152 288 1221 ipse
300 1153 352 1206 tibi
363 1153 483 1207 defuisse
495 1095 641 1206 videar&x

7 1002 8 1005 ¹
34 995 131 1017 w

285 1267 323 1320 40.
353 1273 391 1320 M.
410 1273 536 1321 CICERO
554 1273 578 1320 S.
598 1273 630 1321 D.
648 1272 834 1321 TREBATIO.

396 1371 452 1430 (vn.
467 1373 506 1423 10.
540 1385 566 1417 a.
581 1384 605 1418 u,
619 1384 641 1418 ο.
656 1370 721 1432 701.)

135 1451 201 1521 licei
219 1461 283 1512 tuac
299 1450 393 1517 literas
409 1467 444 1504 cx
460 1451 562 1518 quibus
575 1450 699 1506 intellexi
715 1453 744 1503 ιο
760 1449 870 1503 Caesari
888 1452 982 1502 nostro

135 1527 212 1580 valde
225 1526 290 1596 jure
305 1526 458 1579 consultum
476 1525 571 1581 videri.
609 1527 660 1579 list
678 1525 752 1594 quod
770 1525 891 1592 gaudeas
906 1527 936 1577 te
954 1524 982 1576 in

133 1604 186 1656 ista
202 1602 260 1656 loca
273 1602 380 1655 uenisse
394 1601 440 1654 ubi
459 1603 562 1671 aliquid
578 1619 674 1670 sapere
691 1601 823 1654 viderere.
861 1599 942 1664 Quod
960 1600 982 1652 si

121 1680 160 1747 ‚in
173 1678 342 1733 Britanniam
355 1694 464 1747 quoque
477 1678 617 1747 proiectus
634 1695 715 1745 esses,
728 1678 850 1747 profecte
858 1678 942 1730 ¹nemo
954 1676 981 1729 in

132 1755 179 1808 illa
195 1758 273 1808 tauta
288 1753 375 1806 insula
390 1754 507 1822 peritior
525 1757 554 1808 to
573 1755 678 1808 luisset.
715 1752 982 1807 Verumtamen-ri-

132 1832 246 1885 deamus
260 1830 331 1894 licet,
347 1847 407 1883 sum
422 1830 493 1883 enim
508 1848 525 1883 a
540 1835 571 1884 te
587 1829 914 1883 invitatus-subinvideo
930 1828 981 1883 tibi

132 1908 204 1961 ultro
222 1912 251 1960 tc
269 1907 351 1960 etiam
369 1906 530 1959 arcessitum
548 1906 584 1959 ab
602 1923 634 1959 eo
653 1906 690 1959 ad
714 1922 795 1973 quem
819 1905 904 1959 ceteri
928 1921 981 1958 non

131 1989 245 2053 propter
265 1982 421 2051 superbiam
440 1982 500 2051 ejus
516 1983 566 2036 sed
579 1987 693 2053 propter
711 1982 915 2049 occupationem
934 1981 982 2034 ad-

64 2112 68 2119 ,
132 2061 236 2129 spirare
250 2076 305 2113 non
318 2055 441 2129 possunt.
476 2060 533 2114 Sed
549 2063 581 2114 tu
597 2062 626 2114 in
640 2061 694 2132 ista
708 2058 902 2129 epistolanihil
914 2058 980 2111 mihi

132 2135 264 2203 scripsisti
277 2136 312 2189 dc
323 2137 378 2189 tuis
390 2136 481 2204 rebus,
491 2153 562 2205 quac
574 2137 728 2191 mehercule
741 2137 807 2189 mihi
821 2152 873 2188 non
883 2135 981 2188 nrinori

132 2229 212 2265 curae
231 2216 295 2265 sunt
316 2228 397 2279 quam
417 2228 502 2265 meae.
548 2212 637 2265 Valde
656 2217 750 2265 metuo
775 2229 809 2263 nc
829 2212 930 2277 frigeas
953 2210 980 2263 in

132 2287 258 2342 hibernis.
295 2286 477 2351 Quamobrem
494 2286 600 2339 camino
615 2287 753 2340 luculento
770 2286 904 2341 utendum
921 2304 981 2340 cen-

132 2380 193 2428 seo;
219 2362 293 2415 idem
313 2360 405 2415 Mucio
424 2366 453 2416 et
470 2362 582 2415 Manilio
597 2363 731 2432 placebat,
750 2363 913 2432 praesertim
934 2364 981 2431 qui

132 2440 203 2507 sagis
220 2455 274 2491 nou
292 2437 453 2492 abundares.
491 2438 662 2505 Quamquam
681 2454 729 2492 vos
746 2456 817 2492 nune
835 2439 897 2492 istic
912 2440 981 2493 satis

131 2515 220 2568 calere
232 2513 328 2579 audio;
347 2530 400 2581 quo
413 2514 525 2582 quidem
540 2515 635 2567 nuntio
645 2514 725 2567 valde
737 2514 891 2581 mehercule
904 2515 939 2569 dc
951 2518 980 2569 tc

132 2591 283 2643 timueram.
319 2589 374 2642 Sed
386 2593 418 2643 tu
432 2590 460 2641 in
472 2606 503 2643 re
515 2589 627 2643 militari
640 2590 726 2643 multo
739 2608 768 2643 es
780 2590 886 2645 cautior
898 2608 979 2660 quam

132 2667 159 2719 in
176 2666 406 2733 advocationibus,
420 2666 468 2735 qui
485 2683 576 2735 neque
588 2667 616 2719 in
634 2666 741 2719 Oceano
754 2669 850 2721 natare
862 2666 979 2721 volueris

7 2782 14 2798 ι
53 2811 56 2816 y
133 2742 346 2796 studiosissimus
358 2742 438 2796 homo
449 2742 570 2809 natandi,
583 2760 671 2811 neque
684 2747 807 2811 spectare
820 2744 979 2807 essedarios,

133 2835 213 2887 quom
234 2822 316 2873 antea
335 2835 371 2872 ne
394 2818 561 2872 andabatam
582 2818 694 2887 quidem
719 2819 882 2873 defraudare
904 2823 979 2886 potc-

133 2912 231 2948 ramus.

168 2970 224 3024 Sed
229 2970 287 3038 jam
300 2971 352 3025 sat'
375 2970 463 3038 jocati
475 2988 575 3025 sumus.
613 2972 672 3040 ligo
689 2972 725 3025 de
740 2975 770 3027 te
784 2972 820 3025 ad
836 2970 976 3027 Caesarem

134 3063 215 3114 quam
232 3047 378 3115 diligenter
393 3047 547 3114 scripserim
562 3050 624 3101 tute
641 3048 692 3101 scis
700 3067 707 3113 ;
726 3062 808 3115 quam
822 3064 909 3117 saepe
922 3064 980 3115 ego.

135 3122 190 3175 Sed
213 3123 366 3177 mehercule
386 3123 445 3191 jam
469 3123 670 3177 intermiseram
697 3143 732 3181 ne
755 3126 863 3180 viderer
886 3124 982 3179 libera·

135 3201 227 3255 hssimi
245 3199 360 3252 honriuis
378 3199 488 3268 meique
505 3198 687 3251 amantissimi
705 3198 838 3255 voluntati
855 3214 922 3269 erga
938 3212 982 3246 ma
1042 3184 1094 3413 j
