<?xml version="1.0" encoding="UTF-8"?>
<!DOCTYPE html PUBLIC "-//W3C//DTD XHTML 1.0 Transitional//EN"
    "http://www.w3.org/TR/xhtml1/DTD/xhtml1-transitional.dtd">
<html xmlns="http://www.w3.org/1999/xhtml" xml:lang="en" lang="en">
 <head>
  <title>
</title>
<meta http-equiv="Content-Type" content="text/html;charset=utf-8" />
  <meta name='ocr-system' content='tesseract 3.04.00' />
  <meta name='ocr-capabilities' content='ocr_page ocr_carea ocr_par ocr_line ocrx_word'/>
</head>
<body>
  <div class='ocr_page' id='page_1' title='image "./catomajorsivede00longgoog_0092.png"; bbox 0 0 2200 3450; ppageno 0'>
   <div class='ocr_carea' id='block_1_1' title="bbox 109 148 735 202">
    <p class='ocr_par' dir='ltr' id='par_1_1' title="bbox 109 148 735 202">
     <span class='ocr_line' id='line_1_1' title="bbox 109 148 735 202; baseline 0 -4"><span class='ocrx_word' id='word_1_1' title='bbox 109 154 141 198; x_wconf 73' lang='lat'><strong>84</strong></span> <span class='ocrx_word' id='word_1_2' title='bbox 336 153 375 202; x_wconf 88' lang='lat' dir='ltr'><strong>M.</strong></span> <span class='ocrx_word' id='word_1_3' title='bbox 393 151 519 200; x_wconf 87' lang='lat' dir='ltr'>TULLII</span> <span class='ocrx_word' id='word_1_4' title='bbox 542 148 735 198; x_wconf 77' lang='lat' dir='ltr'>CICERONIS</span> 
     </span>
    </p>
   </div>
   <div class='ocr_carea' id='block_1_2' title="bbox 107 227 962 678">
    <p class='ocr_par' dir='ltr' id='par_1_2' title="bbox 107 227 962 678">
     <span class='ocr_line' id='line_1_2' title="bbox 109 227 960 302; baseline 0 -18"><span class='ocrx_word' id='word_1_5' title='bbox 109 230 341 301; x_wconf 82' lang='lat' dir='ltr'><strong>quemadmodum</strong></span> <span class='ocrx_word' id='word_1_6' title='bbox 352 232 494 302; x_wconf 79' lang='lat' dir='ltr'><strong>praecipis,</strong></span> <span class='ocrx_word' id='word_1_7' title='bbox 501 231 617 302; x_wconf 79' lang='lat' dir='ltr'><strong>privatis</strong></span> <span class='ocrx_word' id='word_1_8' title='bbox 628 227 718 284; x_wconf 71' lang='lat' dir='ltr'><strong>literis</strong></span> <span class='ocrx_word' id='word_1_9' title='bbox 729 230 766 283; x_wconf 83' lang='lat' dir='ltr'><strong>od</strong></span> <span class='ocrx_word' id='word_1_10' title='bbox 777 229 878 284; x_wconf 90' lang='lat' dir='ltr'><strong>bellurn</strong></span> <span class='ocrx_word' id='word_1_11' title='bbox 890 246 960 285; x_wconf 89' lang='lat' dir='ltr'><strong>com-</strong></span> 
     </span>
     <span class='ocr_line' id='line_1_3' title="bbox 108 305 962 376; baseline -0.004 -15"><span class='ocrx_word' id='word_1_12' title='bbox 108 324 191 362; x_wconf 89' lang='lat' dir='ltr'><strong>mune</strong></span> <span class='ocrx_word' id='word_1_13' title='bbox 207 325 303 363; x_wconf 80' lang='lat' dir='ltr'><strong>vocure</strong></span> <span class='ocrx_word' id='word_1_14' title='bbox 319 326 373 363; x_wconf 89' lang='lat' dir='ltr'><strong>non</strong></span> <span class='ocrx_word' id='word_1_15' title='bbox 389 309 492 363; x_wconf 86' lang='lat' dir='ltr'><strong>desino.</strong></span> <span class='ocrx_word' id='word_1_16' title='bbox 528 308 582 372; x_wconf 82' lang='lat' dir='ltr'><strong>Qui</strong></span> <span class='ocrx_word' id='word_1_17' title='bbox 594 307 698 362; x_wconf 79' lang='lat' dir='ltr'><strong>utinam</strong></span> <span class='ocrx_word' id='word_1_18' title='bbox 706 307 765 376; x_wconf 81' lang='lat' dir='ltr'><strong>jam</strong></span> <span class='ocrx_word' id='word_1_19' title='bbox 777 305 903 360; x_wconf 77' lang='lat' dir='ltr'>adesset:</span> <span class='ocrx_word' id='word_1_20' title='bbox 922 307 962 359; x_wconf 88' lang='lat' dir='ltr'><strong>io·</strong></span> 
     </span>
     <span class='ocr_line' id='line_1_4' title="bbox 107 381 962 454; baseline -0.006 -16"><span class='ocrx_word' id='word_1_21' title='bbox 107 385 241 439; x_wconf 75' lang='lat' dir='ltr'><strong>tostinum</strong></span> <span class='ocrx_word' id='word_1_22' title='bbox 257 385 334 438; x_wconf 86' lang='lat' dir='ltr'><strong>urbis</strong></span> <span class='ocrx_word' id='word_1_23' title='bbox 352 386 462 452; x_wconf 84' lang='lat' dir='ltr'><strong>malum,</strong></span> <span class='ocrx_word' id='word_1_24' title='bbox 481 385 556 454; x_wconf 88' lang='lat' dir='ltr'><strong>quod</strong></span> <span class='ocrx_word' id='word_1_25' title='bbox 575 388 690 438; x_wconf 77' lang='lat' dir='ltr'><strong>estnon</strong></span> <span class='ocrx_word' id='word_1_26' title='bbox 708 383 854 450; x_wconf 81' lang='lat' dir='ltr'><strong>mediocre,</strong></span> <span class='ocrx_word' id='word_1_27' title='bbox 871 381 962 435; x_wconf 82' lang='lat' dir='ltr'><strong>minus</strong></span> 
     </span>
     <span class='ocr_line' id='line_1_5' title="bbox 107 459 961 530; baseline -0.004 -16"><span class='ocrx_word' id='word_1_28' title='bbox 107 462 276 515; x_wconf 78' lang='lat' dir='ltr'><strong>timeremus.</strong></span> <span class='ocrx_word' id='word_1_29' title='bbox 305 461 361 515; x_wconf 82' lang='lat' dir='ltr'><strong>Sed</strong></span> <span class='ocrx_word' id='word_1_30' title='bbox 372 461 441 530; x_wconf 91' lang='lat' dir='ltr'><strong>quid</strong></span> <span class='ocrx_word' id='word_1_31' title='bbox 451 461 519 528; x_wconf 75' lang='lat' dir='ltr'><strong>egoi</strong></span> <span class='ocrx_word' id='word_1_32' title='bbox 537 477 591 514; x_wconf 90' lang='lat' dir='ltr'><strong>non</strong></span> <span class='ocrx_word' id='word_1_33' title='bbox 601 459 693 514; x_wconf 78' lang='lat' dir='ltr'><strong>imitor</strong></span> <span class='ocrx_word' id='word_1_34' title='bbox 704 464 859 521; x_wconf 72' lang='grc' dir='ltr'>Λακωνισμὸν</span> <span class='ocrx_word' id='word_1_35' title='bbox 868 462 961 512; x_wconf 82' lang='lat' dir='ltr'><strong>tuum:</strong></span> 
     </span>
     <span class='ocr_line' id='line_1_6' title="bbox 107 533 959 606; baseline -0.005 -14"><span class='ocrx_word' id='word_1_36' title='bbox 107 538 195 592; x_wconf 78' lang='lat' dir='ltr'><strong>altera</strong></span> <span class='ocrx_word' id='word_1_37' title='bbox 207 537 268 606; x_wconf 82' lang='lat' dir='ltr'><strong>jam</strong></span> <span class='ocrx_word' id='word_1_38' title='bbox 284 537 393 606; x_wconf 82' lang='lat' dir='ltr'><strong>pagella</strong></span> <span class='ocrx_word' id='word_1_39' title='bbox 409 536 542 606; x_wconf 71' lang='lat' dir='ltr'><strong>procedit.</strong></span> <span class='ocrx_word' id='word_1_40' title='bbox 581 536 667 589; x_wconf 80' lang='lat' dir='ltr'>Vince</span> <span class='ocrx_word' id='word_1_41' title='bbox 684 538 713 589; x_wconf 82' lang='lat' dir='ltr'><strong>et</strong></span> <span class='ocrx_word' id='word_1_42' title='bbox 725 533 791 588; x_wconf 84' lang='lat' dir='ltr'><strong>vale.</strong></span> <span class='ocrx_word' id='word_1_43' title='bbox 827 549 883 588; x_wconf 81' lang='lat' dir='ltr'><strong>xlv.</strong></span> <span class='ocrx_word' id='word_1_44' title='bbox 898 533 959 588; x_wconf 70' lang='lat' dir='ltr'><strong>Kar</strong></span> 
     </span>
     <span class='ocr_line' id='line_1_7' title="bbox 109 613 253 678; baseline 0.014 -12"><span class='ocrx_word' id='word_1_45' title='bbox 109 613 253 678; x_wconf 78' lang='lat' dir='ltr'><strong>Quintiles</strong></span> 
     </span>
    </p>
   </div>
   <div class='ocr_carea' id='block_1_3' title="bbox 255 711 814 789">
    <p class='ocr_par' dir='ltr' id='par_1_3' title="bbox 255 711 814 789">
     <span class='ocr_line' id='line_1_8' title="bbox 255 711 814 789; baseline -0.005 -1"><span class='ocrx_word' id='word_1_46' title='bbox 255 743 294 789; x_wconf 77' lang='lat' dir='ltr'><strong>ro.</strong></span> <span class='ocrx_word' id='word_1_47' title='bbox 329 740 368 789; x_wconf 88' lang='lat' dir='ltr'><strong>M.</strong></span> <span class='ocrx_word' id='word_1_48' title='bbox 387 739 515 788; x_wconf 74' lang='lat' dir='ltr'><strong>olomeo</strong></span> <span class='ocrx_word' id='word_1_49' title='bbox 532 711 562 788; x_wconf 77' lang='lat' dir='ltr'><strong>s.</strong></span> <span class='ocrx_word' id='word_1_50' title='bbox 577 739 609 788; x_wconf 84' lang='lat' dir='ltr'><strong>o.</strong></span> <span class='ocrx_word' id='word_1_51' title='bbox 628 738 666 787; x_wconf 89' lang='lat' dir='ltr'><strong>M.</strong></span> <span class='ocrx_word' id='word_1_52' title='bbox 685 736 814 786; x_wconf 66' lang='lat' dir='ltr'><strong>memo.</strong></span> 
     </span>
    </p>
   </div>
   <div class='ocr_carea' id='block_1_4' title="bbox 379 835 691 899">
    <p class='ocr_par' dir='ltr' id='par_1_4' title="bbox 379 835 691 899">
     <span class='ocr_line' id='line_1_9' title="bbox 379 835 691 899; baseline -0.003 -15"><span class='ocrx_word' id='word_1_53' title='bbox 379 837 436 899; x_wconf 84' lang='lat' dir='ltr'><strong>(vn.</strong></span> <span class='ocrx_word' id='word_1_54' title='bbox 450 839 473 886; x_wconf 77' lang='lat'><strong>4.</strong></span> <span class='ocrx_word' id='word_1_55' title='bbox 508 851 534 886; x_wconf 79' lang='lat' dir='ltr'><strong>n.</strong></span> <span class='ocrx_word' id='word_1_56' title='bbox 547 849 573 886; x_wconf 87' lang='lat' dir='ltr'><strong>u.</strong></span> <span class='ocrx_word' id='word_1_57' title='bbox 587 849 609 887; x_wconf 90' lang='lat' dir='ltr'><strong>o.</strong></span> <span class='ocrx_word' id='word_1_58' title='bbox 624 835 691 898; x_wconf 85' lang='grc'>708.)</span> 
     </span>
    </p>
   </div>
   <div class='ocr_carea' id='block_1_5' title="bbox 107 913 1032 1441">
    <p class='ocr_par' dir='ltr' id='par_1_5' title="bbox 107 913 1032 1441">
     <span class='ocr_line' id='line_1_10' title="bbox 108 913 959 978; baseline 0 -8"><span class='ocrx_word' id='word_1_59' title='bbox 108 916 235 971; x_wconf 81' lang='lat' dir='ltr'><strong>n.d.1x.</strong></span> <span class='ocrx_word' id='word_1_60' title='bbox 254 917 317 971; x_wconf 76' lang='lat' dir='ltr'><strong>Kal.</strong></span> <span class='ocrx_word' id='word_1_61' title='bbox 336 917 365 970; x_wconf 89' lang='lat' dir='ltr'><strong>in</strong></span> <span class='ocrx_word' id='word_1_62' title='bbox 384 917 537 970; x_wconf 81' lang='lat' dir='ltr'><strong>Cumanum</strong></span> <span class='ocrx_word' id='word_1_63' title='bbox 555 917 618 970; x_wconf 86' lang='lat' dir='ltr'><strong>veni</strong></span> <span class='ocrx_word' id='word_1_64' title='bbox 635 932 698 970; x_wconf 87' lang='lat' dir='ltr'><strong>cum</strong></span> <span class='ocrx_word' id='word_1_65' title='bbox 718 915 897 978; x_wconf 68' lang='lat' dir='ltr'><strong>Libonotum</strong></span> <span class='ocrx_word' id='word_1_66' title='bbox 915 913 959 970; x_wconf 80' lang='lat' dir='ltr'><strong>vel</strong></span> 
     </span>
     <span class='ocr_line' id='line_1_11' title="bbox 107 990 960 1062; baseline -0.001 -18"><span class='ocrx_word' id='word_1_67' title='bbox 107 995 201 1046; x_wconf 81' lang='lat' dir='ltr'><strong>nostro</strong></span> <span class='ocrx_word' id='word_1_68' title='bbox 216 992 315 1060; x_wconf 84' lang='lat' dir='ltr'><strong>potius.</strong></span> <span class='ocrx_word' id='word_1_69' title='bbox 352 992 386 1045; x_wconf 88' lang='lat' dir='ltr'><strong>In</strong></span> <span class='ocrx_word' id='word_1_70' title='bbox 403 992 601 1062; x_wconf 83' lang='lat' dir='ltr'><strong>Pompeianum</strong></span> <span class='ocrx_word' id='word_1_71' title='bbox 618 992 713 1046; x_wconf 78' lang='lat' dir='ltr'><strong>statim</strong></span> <span class='ocrx_word' id='word_1_72' title='bbox 732 992 836 1059; x_wconf 78' lang='lat' dir='ltr'><strong>cogit03</strong></span> <span class='ocrx_word' id='word_1_73' title='bbox 857 990 906 1044; x_wconf 83' lang='lat' dir='ltr'><strong>scd</strong></span> <span class='ocrx_word' id='word_1_74' title='bbox 923 990 960 1043; x_wconf 84' lang='lat' dir='ltr'><strong>fa·</strong></span> 
     </span>
     <span class='ocr_line' id='line_1_12' title="bbox 107 1066 960 1138; baseline -0.004 -18"><span class='ocrx_word' id='word_1_75' title='bbox 107 1067 177 1121; x_wconf 79' lang='lat' dir='ltr'><strong>ciem</strong></span> <span class='ocrx_word' id='word_1_76' title='bbox 189 1071 254 1120; x_wconf 78' lang='lat' dir='ltr'><strong>ante</strong></span> <span class='ocrx_word' id='word_1_77' title='bbox 265 1071 295 1122; x_wconf 75' lang='lat' dir='ltr'><strong>ie</strong></span> <span class='ocrx_word' id='word_1_78' title='bbox 307 1069 461 1122; x_wconf 76' lang='lat' dir='ltr'><strong>certiorem.</strong></span> <span class='ocrx_word' id='word_1_79' title='bbox 498 1069 538 1122; x_wconf 75' lang='lat' dir='ltr'><strong>&#39;l&#39;e</strong></span> <span class='ocrx_word' id='word_1_80' title='bbox 549 1085 635 1138; x_wconf 87' lang='lat' dir='ltr'><strong>quum</strong></span> <span class='ocrx_word' id='word_1_81' title='bbox 648 1084 756 1137; x_wconf 85' lang='lat' dir='ltr'><strong>semper</strong></span> <span class='ocrx_word' id='word_1_82' title='bbox 769 1067 860 1120; x_wconf 80' lang='lat' dir='ltr'><strong>volere</strong></span> <span class='ocrx_word' id='word_1_83' title='bbox 873 1066 960 1136; x_wconf 77' lang='lat' dir='ltr'><strong>cupio,</strong></span> 
     </span>
     <span class='ocr_line' id='line_1_13' title="bbox 108 1143 1032 1212; baseline -0.004 -14"><span class='ocrx_word' id='word_1_84' title='bbox 108 1148 168 1199; x_wconf 80' lang='lat' dir='ltr'><strong>tum</strong></span> <span class='ocrx_word' id='word_1_85' title='bbox 185 1147 262 1198; x_wconf 82' lang='lat' dir='ltr'><strong>cerie</strong></span> <span class='ocrx_word' id='word_1_86' title='bbox 279 1143 346 1197; x_wconf 86' lang='lat' dir='ltr'><strong>dum</strong></span> <span class='ocrx_word' id='word_1_87' title='bbox 370 1144 414 1198; x_wconf 92' lang='lat' dir='ltr'><strong>hic</strong></span> <span class='ocrx_word' id='word_1_88' title='bbox 434 1161 536 1198; x_wconf 88' lang='lat' dir='ltr'><strong>sumus.</strong></span> <span class='ocrx_word' id='word_1_89' title='bbox 575 1145 663 1198; x_wconf 87' lang='lat' dir='ltr'><strong>Vides</strong></span> <span class='ocrx_word' id='word_1_90' title='bbox 681 1144 754 1198; x_wconf 85' lang='lat' dir='ltr'><strong>enim</strong></span> <span class='ocrx_word' id='word_1_91' title='bbox 773 1148 875 1212; x_wconf 85' lang='lat' dir='ltr'><strong>quanto</strong></span> <span class='ocrx_word' id='word_1_92' title='bbox 898 1147 959 1210; x_wconf 75' lang='lat' dir='ltr'><strong>post</strong></span> <span class='ocrx_word' id='word_1_93' title='bbox 1021 1189 1032 1212; x_wconf 71' lang='lat'>‚</span> 
     </span>
     <span class='ocr_line' id='line_1_14' title="bbox 107 1220 958 1289; baseline -0.007 -14"><span class='ocrx_word' id='word_1_94' title='bbox 107 1238 162 1275; x_wconf 82' lang='lat' dir='ltr'><strong>une</strong></span> <span class='ocrx_word' id='word_1_95' title='bbox 181 1221 267 1274; x_wconf 78' lang='lat' dir='ltr'><strong>futuri</strong></span> <span class='ocrx_word' id='word_1_96' title='bbox 294 1237 395 1274; x_wconf 85' lang='lat' dir='ltr'><strong>sumus.</strong></span> <span class='ocrx_word' id='word_1_97' title='bbox 432 1221 524 1284; x_wconf 81' lang='lat' dir='ltr'><strong>Quare</strong></span> <span class='ocrx_word' id='word_1_98' title='bbox 547 1221 571 1273; x_wconf 88' lang='lat' dir='ltr'><strong>si</strong></span> <span class='ocrx_word' id='word_1_99' title='bbox 596 1220 670 1289; x_wconf 85' lang='lat' dir='ltr'><strong>quod</strong></span> <span class='ocrx_word' id='word_1_100' title='bbox 694 1220 873 1274; x_wconf 73' lang='lat' dir='ltr'><strong>constitutum</strong></span> <span class='ocrx_word' id='word_1_101' title='bbox 897 1234 958 1270; x_wconf 88' lang='lat' dir='ltr'><strong>cunr</strong></span> 
     </span>
     <span class='ocr_line' id='line_1_15' title="bbox 108 1294 960 1366; baseline -0.004 -17"><span class='ocrx_word' id='word_1_102' title='bbox 108 1297 231 1366; x_wconf 78' lang='lat' dir='ltr'><strong>podagra</strong></span> <span class='ocrx_word' id='word_1_103' title='bbox 251 1296 345 1365; x_wconf 82' lang='lat' dir='ltr'><strong>habes,</strong></span> <span class='ocrx_word' id='word_1_104' title='bbox 369 1297 413 1350; x_wconf 83' lang='lat' dir='ltr'><strong>fac</strong></span> <span class='ocrx_word' id='word_1_105' title='bbox 431 1300 463 1350; x_wconf 78' lang='lat' dir='ltr'><strong>ut</strong></span> <span class='ocrx_word' id='word_1_106' title='bbox 482 1296 511 1349; x_wconf 90' lang='lat' dir='ltr'><strong>in</strong></span> <span class='ocrx_word' id='word_1_107' title='bbox 534 1296 618 1350; x_wconf 83' lang='lat' dir='ltr'><strong>elium</strong></span> <span class='ocrx_word' id='word_1_108' title='bbox 636 1296 709 1350; x_wconf 88' lang='lat' dir='ltr'><strong>diem</strong></span> <span class='ocrx_word' id='word_1_109' title='bbox 734 1295 852 1348; x_wconf 78' lang='lat' dir='ltr'><strong>differas.</strong></span> <span class='ocrx_word' id='word_1_110' title='bbox 887 1294 960 1348; x_wconf 85' lang='lat' dir='ltr'><strong>Cure</strong></span> 
     </span>
     <span class='ocr_line' id='line_1_16' title="bbox 107 1371 925 1441; baseline -0.002 -15"><span class='ocrx_word' id='word_1_111' title='bbox 107 1374 194 1441; x_wconf 79' lang='lat' dir='ltr'><strong>igitur</strong></span> <span class='ocrx_word' id='word_1_112' title='bbox 205 1377 237 1427; x_wconf 79' lang='lat' dir='ltr'><strong>ut</strong></span> <span class='ocrx_word' id='word_1_113' title='bbox 249 1372 348 1441; x_wconf 82' lang='lat' dir='ltr'><strong>valeas,</strong></span> <span class='ocrx_word' id='word_1_114' title='bbox 361 1377 390 1426; x_wconf 81' lang='lat' dir='ltr'><strong>et</strong></span> <span class='ocrx_word' id='word_1_115' title='bbox 403 1388 446 1425; x_wconf 87' lang='lat' dir='ltr'><strong>mo</strong></span> <span class='ocrx_word' id='word_1_116' title='bbox 458 1374 510 1425; x_wconf 89' lang='lat' dir='ltr'><strong>hoc</strong></span> <span class='ocrx_word' id='word_1_117' title='bbox 521 1371 608 1426; x_wconf 88' lang='lat' dir='ltr'><strong>biduo</strong></span> <span class='ocrx_word' id='word_1_118' title='bbox 620 1376 668 1425; x_wconf 82' lang='lat' dir='ltr'><strong>out</strong></span> <span class='ocrx_word' id='word_1_119' title='bbox 680 1371 773 1425; x_wconf 77' lang='lat' dir='ltr'><strong>triduo</strong></span> <span class='ocrx_word' id='word_1_120' title='bbox 785 1373 925 1440; x_wconf 81' lang='lat' dir='ltr'><strong>exspecta.</strong></span> 
     </span>
    </p>
   </div>
   <div class='ocr_carea' id='block_1_6' title="bbox 353 1498 856 1566">
    <p class='ocr_par' dir='ltr' id='par_1_6' title="bbox 353 1498 856 1566">
     <span class='ocr_line' id='line_1_17' title="bbox 353 1498 856 1566; baseline -0.002 -1"><span class='ocrx_word' id='word_1_121' title='bbox 353 1518 393 1566; x_wconf 79' lang='lat'><strong>29.</strong></span> <span class='ocrx_word' id='word_1_122' title='bbox 423 1498 719 1565; x_wconf 75' lang='lat' dir='ltr'><strong>oronno&#39;rncnco.</strong></span> <span class='ocrx_word' id='word_1_123' title='bbox 781 1535 783 1540; x_wconf 94' lang='lat'>·</span> <span class='ocrx_word' id='word_1_124' title='bbox 853 1534 856 1542; x_wconf 93' lang='lat'><em>·</em></span> 
     </span>
    </p>
   </div>
   <div class='ocr_carea' id='block_1_7' title="bbox 1 1628 970 1791">
    <p class='ocr_par' dir='ltr' id='par_1_7' title="bbox 1 1628 970 1791">
     <span class='ocr_line' id='line_1_18' title="bbox 390 1628 675 1679; baseline -0.004 -3"><span class='ocrx_word' id='word_1_125' title='bbox 390 1631 468 1678; x_wconf 82' lang='lat' dir='ltr'><strong>x.13.</strong></span> <span class='ocrx_word' id='word_1_126' title='bbox 504 1642 529 1677; x_wconf 78' lang='lat' dir='ltr'><strong>n.</strong></span> <span class='ocrx_word' id='word_1_127' title='bbox 544 1641 569 1678; x_wconf 88' lang='lat' dir='ltr'><strong>o.</strong></span> <span class='ocrx_word' id='word_1_128' title='bbox 584 1640 606 1677; x_wconf 90' lang='lat' dir='ltr'><strong>o.</strong></span> <span class='ocrx_word' id='word_1_129' title='bbox 621 1628 675 1679; x_wconf 84' lang='lat'><strong>711.</strong></span> 
     </span>
     <span class='ocr_line' id='line_1_19' title="bbox 1 1629 970 1791; baseline 0 -19"><span class='ocrx_word' id='word_1_130' title='bbox 1 1678 2 1713; x_wconf 23' lang='grc' dir='ltr'>ξ</span> <span class='ocrx_word' id='word_1_131' title='bbox 108 1717 150 1772; x_wconf 78' lang='lat' dir='ltr'><strong>Ui</strong></span> <span class='ocrx_word' id='word_1_132' title='bbox 165 1716 284 1787; x_wconf 87' lang='lat' dir='ltr'><strong>primum</strong></span> <span class='ocrx_word' id='word_1_133' title='bbox 299 1716 366 1772; x_wconf 88' lang='lat' dir='ltr'><strong>mihi</strong></span> <span class='ocrx_word' id='word_1_134' title='bbox 380 1631 506 1786; x_wconf 52' lang='lat' dir='ltr'><strong>{reiectos</strong></span> <span class='ocrx_word' id='word_1_135' title='bbox 522 1716 589 1771; x_wconf 62' lang='lat' dir='ltr'><strong>ones</strong></span> <span class='ocrx_word' id='word_1_136' title='bbox 605 1720 648 1770; x_wconf 80' lang='lat' dir='ltr'><strong>est</strong></span> <span class='ocrx_word' id='word_1_137' title='bbox 664 1629 805 1785; x_wconf 48' lang='lat' dir='ltr'><strong>augendae</strong></span> <span class='ocrx_word' id='word_1_138' title='bbox 817 1715 970 1791; x_wconf 63' lang='lat' dir='ltr'><strong>dignitatis,</strong></span> 
     </span>
    </p>
   </div>
   <div class='ocr_carea' id='block_1_8' title="bbox 2 1792 961 1861">
    <p class='ocr_par' dir='ltr' id='par_1_8' title="bbox 2 1792 961 1861">
     <span class='ocr_line' id='line_1_20' title="bbox 2 1792 961 1861; baseline -0.001 -13"><span class='ocrx_word' id='word_1_139' title='bbox 2 1811 3 1858; x_wconf 58' lang='grc' dir='ltr'>ι</span> <span class='ocrx_word' id='word_1_140' title='bbox 108 1797 180 1861; x_wconf 83' lang='lat' dir='ltr'><strong>tuoe,</strong></span> <span class='ocrx_word' id='word_1_141' title='bbox 189 1794 256 1847; x_wconf 88' lang='lat' dir='ltr'><strong>nihil</strong></span> <span class='ocrx_word' id='word_1_142' title='bbox 268 1793 441 1861; x_wconf 81' lang='lat' dir='ltr'><strong>praetermisi</strong></span> <span class='ocrx_word' id='word_1_143' title='bbox 453 1793 482 1845; x_wconf 93' lang='lat' dir='ltr'><strong>in</strong></span> <span class='ocrx_word' id='word_1_144' title='bbox 494 1796 523 1847; x_wconf 81' lang='lat' dir='ltr'><strong>te</strong></span> <span class='ocrx_word' id='word_1_145' title='bbox 535 1792 655 1847; x_wconf 82' lang='lat' dir='ltr'><strong>ornando</strong></span> <span class='ocrx_word' id='word_1_146' title='bbox 668 1794 742 1861; x_wconf 83' lang='lat' dir='ltr'><strong>quod</strong></span> <span class='ocrx_word' id='word_1_147' title='bbox 754 1794 875 1861; x_wconf 74' lang='lat' dir='ltr'><strong>positum</strong></span> <span class='ocrx_word' id='word_1_148' title='bbox 887 1798 961 1847; x_wconf 78' lang='lat' dir='ltr'><strong>esset</strong></span> 
     </span>
    </p>
   </div>
   <div class='ocr_carea' id='block_1_9' title="bbox 108 1868 960 2014">
    <p class='ocr_par' dir='ltr' id='par_1_9' title="bbox 108 1868 960 2014">
     <span class='ocr_line' id='line_1_21' title="bbox 108 1868 959 1937; baseline 0.002 -16"><span class='ocrx_word' id='word_1_149' title='bbox 108 1874 157 1923; x_wconf 80' lang='lat' dir='ltr'><strong>out</strong></span> <span class='ocrx_word' id='word_1_150' title='bbox 169 1870 197 1921; x_wconf 91' lang='lat' dir='ltr'><strong>in</strong></span> <span class='ocrx_word' id='word_1_151' title='bbox 208 1870 329 1937; x_wconf 81' lang='lat' dir='ltr'><strong>praemio</strong></span> <span class='ocrx_word' id='word_1_152' title='bbox 341 1869 453 1923; x_wconf 76' lang='lat' dir='ltr'><strong>virtutis</strong></span> <span class='ocrx_word' id='word_1_153' title='bbox 469 1873 518 1923; x_wconf 78' lang='lat' dir='ltr'><strong>out</strong></span> <span class='ocrx_word' id='word_1_154' title='bbox 530 1868 559 1921; x_wconf 92' lang='lat' dir='ltr'><strong>in</strong></span> <span class='ocrx_word' id='word_1_155' title='bbox 571 1868 673 1922; x_wconf 88' lang='lat' dir='ltr'><strong>honore</strong></span> <span class='ocrx_word' id='word_1_156' title='bbox 685 1869 841 1924; x_wconf 79' lang='lat' dir='ltr'><strong>verborum.</strong></span> <span class='ocrx_word' id='word_1_157' title='bbox 878 1869 913 1923; x_wconf 90' lang='lat' dir='ltr'><strong>ld</strong></span> <span class='ocrx_word' id='word_1_158' title='bbox 925 1886 959 1924; x_wconf 83' lang='lat' dir='ltr'><strong>ex</strong></span> 
     </span>
     <span class='ocr_line' id='line_1_22' title="bbox 109 1944 960 2014; baseline 0.004 -18"><span class='ocrx_word' id='word_1_159' title='bbox 109 1944 168 2013; x_wconf 91' lang='lat' dir='ltr'><strong>ipso</strong></span> <span class='ocrx_word' id='word_1_160' title='bbox 185 1944 433 1998; x_wconf 78' lang='lat' dir='ltr'><strong>senatusconsulto</strong></span> <span class='ocrx_word' id='word_1_161' title='bbox 445 1944 550 2014; x_wconf 81' lang='lat' dir='ltr'><strong>poteris</strong></span> <span class='ocrx_word' id='word_1_162' title='bbox 566 1960 736 2012; x_wconf 82' lang='lat' dir='ltr'><strong>cognoscere.</strong></span> <span class='ocrx_word' id='word_1_163' title='bbox 770 1946 816 1999; x_wconf 75' lang='lat' dir='ltr'><strong>lca</strong></span> <span class='ocrx_word' id='word_1_164' title='bbox 832 1946 905 2000; x_wconf 89' lang='lat' dir='ltr'><strong>onim</strong></span> <span class='ocrx_word' id='word_1_165' title='bbox 917 1951 960 1999; x_wconf 75' lang='lat' dir='ltr'><strong>est</strong></span> 
     </span>
    </p>
   </div>
   <div class='ocr_carea' id='block_1_10' title="bbox 3 2013 961 2089">
    <p class='ocr_par' dir='ltr' id='par_1_10' title="bbox 3 2013 961 2089">
     <span class='ocr_line' id='line_1_23' title="bbox 3 2013 961 2089; baseline -0.002 -12"><span class='ocrx_word' id='word_1_166' title='bbox 3 2013 4 2048; x_wconf 35' lang='grc' dir='ltr'><strong>ἶ</strong></span> <span class='ocrx_word' id='word_1_167' title='bbox 107 2020 291 2089; x_wconf 75' lang='lat' dir='ltr'><strong>perscriptum</strong></span> <span class='ocrx_word' id='word_1_168' title='bbox 315 2024 346 2073; x_wconf 82' lang='lat' dir='ltr'><strong>ut</strong></span> <span class='ocrx_word' id='word_1_169' title='bbox 370 2037 387 2074; x_wconf 85' lang='lat' dir='ltr'>a</span> <span class='ocrx_word' id='word_1_170' title='bbox 410 2037 454 2074; x_wconf 86' lang='lat' dir='ltr'><strong>mo</strong></span> <span class='ocrx_word' id='word_1_171' title='bbox 476 2020 512 2074; x_wconf 89' lang='lat' dir='ltr'><strong>de</strong></span> <span class='ocrx_word' id='word_1_172' title='bbox 535 2020 638 2089; x_wconf 79' lang='lat' dir='ltr'><strong>scripio</strong></span> <span class='ocrx_word' id='word_1_173' title='bbox 662 2020 737 2075; x_wconf 80' lang='lat' dir='ltr'><strong>dicio</strong></span> <span class='ocrx_word' id='word_1_174' title='bbox 754 2023 892 2077; x_wconf 79' lang='lat' dir='ltr'><strong>sententia</strong></span> <span class='ocrx_word' id='word_1_175' title='bbox 909 2025 961 2089; x_wconf 80' lang='lat' dir='ltr'><strong>esi,</strong></span> 
     </span>
    </p>
   </div>
   <div class='ocr_carea' id='block_1_11' title="bbox 107 2096 961 2700">
    <p class='ocr_par' dir='ltr' id='par_1_11' title="bbox 107 2096 961 2700">
     <span class='ocr_line' id='line_1_24' title="bbox 109 2096 961 2167; baseline 0.002 -18"><span class='ocrx_word' id='word_1_176' title='bbox 109 2113 191 2165; x_wconf 77' lang='lat' dir='ltr'><strong>quem</strong></span> <span class='ocrx_word' id='word_1_177' title='bbox 208 2099 319 2149; x_wconf 78' lang='lat' dir='ltr'><strong>senatus</strong></span> <span class='ocrx_word' id='word_1_178' title='bbox 335 2096 467 2164; x_wconf 84' lang='lat' dir='ltr'><strong>frequens</strong></span> <span class='ocrx_word' id='word_1_179' title='bbox 484 2100 596 2150; x_wconf 75' lang='lat' dir='ltr'><strong>secutus</strong></span> <span class='ocrx_word' id='word_1_180' title='bbox 608 2100 652 2150; x_wconf 82' lang='lat' dir='ltr'><strong>est</strong></span> <span class='ocrx_word' id='word_1_181' title='bbox 664 2114 770 2151; x_wconf 90' lang='lat' dir='ltr'><strong>summo</strong></span> <span class='ocrx_word' id='word_1_182' title='bbox 782 2098 874 2152; x_wconf 79' lang='lat' dir='ltr'><strong>studio</strong></span> <span class='ocrx_word' id='word_1_183' title='bbox 886 2115 961 2167; x_wconf 82' lang='lat' dir='ltr'><strong>mag-</strong></span> 
     </span>
     <span class='ocr_line' id='line_1_25' title="bbox 108 2172 961 2243; baseline 0.002 -16"><span class='ocrx_word' id='word_1_184' title='bbox 108 2190 198 2242; x_wconf 88' lang='lat' dir='ltr'><strong>noque</strong></span> <span class='ocrx_word' id='word_1_185' title='bbox 215 2182 356 2226; x_wconf 86' lang='lat' dir='ltr'><strong>consensu.</strong></span> <span class='ocrx_word' id='word_1_186' title='bbox 391 2172 450 2241; x_wconf 84' lang='lat' dir='ltr'><strong>Ego</strong></span> <span class='ocrx_word' id='word_1_187' title='bbox 468 2189 634 2241; x_wconf 81' lang='lat' dir='ltr'><strong>quemquam</strong></span> <span class='ocrx_word' id='word_1_188' title='bbox 652 2190 687 2227; x_wconf 85' lang='lat' dir='ltr'><strong>cx</strong></span> <span class='ocrx_word' id='word_1_189' title='bbox 705 2174 761 2228; x_wconf 78' lang='lat' dir='ltr'><strong>iuis</strong></span> <span class='ocrx_word' id='word_1_190' title='bbox 777 2174 874 2240; x_wconf 84' lang='lat' dir='ltr'><strong>literis,</strong></span> <span class='ocrx_word' id='word_1_191' title='bbox 893 2192 961 2243; x_wconf 83' lang='lat' dir='ltr'><strong>quas</strong></span> 
     </span>
     <span class='ocr_line' id='line_1_26' title="bbox 108 2248 959 2319; baseline 0.004 -16"><span class='ocrx_word' id='word_1_192' title='bbox 108 2249 175 2303; x_wconf 87' lang='lat' dir='ltr'><strong>milri</strong></span> <span class='ocrx_word' id='word_1_193' title='bbox 198 2248 305 2312; x_wconf 79' lang='lat' dir='ltr'><strong>misisti,</strong></span> <span class='ocrx_word' id='word_1_194' title='bbox 329 2265 522 2319; x_wconf 81' lang='lat' dir='ltr'><strong>perspexeram</strong></span> <span class='ocrx_word' id='word_1_195' title='bbox 541 2252 570 2303; x_wconf 79' lang='lat' dir='ltr'><strong>te</strong></span> <span class='ocrx_word' id='word_1_196' title='bbox 591 2250 678 2318; x_wconf 79' lang='lat' dir='ltr'><strong>nragis</strong></span> <span class='ocrx_word' id='word_1_197' title='bbox 697 2250 803 2319; x_wconf 85' lang='lat' dir='ltr'><strong>judicio</strong></span> <span class='ocrx_word' id='word_1_198' title='bbox 827 2251 959 2305; x_wconf 86' lang='lat' dir='ltr'><strong>bonorum</strong></span> 
     </span>
     <span class='ocr_line' id='line_1_27' title="bbox 108 2323 959 2394; baseline 0.006 -16"><span class='ocrx_word' id='word_1_199' title='bbox 108 2342 191 2394; x_wconf 80' lang='lat' dir='ltr'><strong>quem</strong></span> <span class='ocrx_word' id='word_1_200' title='bbox 203 2323 354 2394; x_wconf 83' lang='lat' dir='ltr'><strong>insignibus</strong></span> <span class='ocrx_word' id='word_1_201' title='bbox 365 2326 468 2393; x_wconf 81' lang='lat' dir='ltr'><strong>gloriae</strong></span> <span class='ocrx_word' id='word_1_202' title='bbox 478 2326 618 2394; x_wconf 76' lang='lat' dir='ltr'><strong>delectori,</strong></span> <span class='ocrx_word' id='word_1_203' title='bbox 627 2330 719 2383; x_wconf 79' lang='lat' dir='ltr'><strong>tamen</strong></span> <span class='ocrx_word' id='word_1_204' title='bbox 732 2328 959 2383; x_wconf 83' lang='lat' dir='ltr'><strong>considerandum</strong></span> 
     </span>
     <span class='ocr_line' id='line_1_28' title="bbox 108 2401 959 2474; baseline 0.005 -20"><span class='ocrx_word' id='word_1_205' title='bbox 108 2401 187 2455; x_wconf 90' lang='lat' dir='ltr'><strong>nobis</strong></span> <span class='ocrx_word' id='word_1_206' title='bbox 204 2401 366 2467; x_wconf 75' lang='lat' dir='ltr'><strong>existimavi,</strong></span> <span class='ocrx_word' id='word_1_207' title='bbox 385 2402 493 2455; x_wconf 82' lang='lat' dir='ltr'><strong>etiamsi</strong></span> <span class='ocrx_word' id='word_1_208' title='bbox 511 2405 543 2455; x_wconf 82' lang='lat' dir='ltr'><strong>iu</strong></span> <span class='ocrx_word' id='word_1_209' title='bbox 561 2401 628 2455; x_wconf 90' lang='lat' dir='ltr'><strong>nihil</strong></span> <span class='ocrx_word' id='word_1_210' title='bbox 646 2404 808 2472; x_wconf 79' lang='lat' dir='ltr'><strong>postulares,</strong></span> <span class='ocrx_word' id='word_1_211' title='bbox 828 2409 959 2474; x_wconf 82' lang='lat' dir='ltr'><strong>quonium</strong></span> 
     </span>
     <span class='ocr_line' id='line_1_29' title="bbox 107 2470 959 2546; baseline 0.007 -17"><span class='ocrx_word' id='word_1_212' title='bbox 107 2476 160 2529; x_wconf 78' lang='lat' dir='ltr'><strong>tibi</strong></span> <span class='ocrx_word' id='word_1_213' title='bbox 172 2494 189 2530; x_wconf 81' lang='lat' dir='ltr'>a</span> <span class='ocrx_word' id='word_1_214' title='bbox 200 2494 231 2531; x_wconf 92' lang='lat' dir='ltr'><strong>re</strong></span> <span class='ocrx_word' id='word_1_215' title='bbox 243 2477 353 2546; x_wconf 81' lang='lat' dir='ltr'><strong>publica</strong></span> <span class='ocrx_word' id='word_1_216' title='bbox 364 2477 521 2531; x_wconf 76' lang='lat' dir='ltr'><strong>deberetur.</strong></span> <span class='ocrx_word' id='word_1_217' title='bbox 543 2470 599 2531; x_wconf 76' lang='lat' dir='ltr'><strong>&#39;Tu</strong></span> <span class='ocrx_word' id='word_1_218' title='bbox 614 2483 748 2534; x_wconf 79' lang='lat' dir='ltr'><strong>contexes</strong></span> <span class='ocrx_word' id='word_1_219' title='bbox 757 2486 881 2535; x_wconf 81' lang='lat' dir='ltr'><strong>extrema</strong></span> <span class='ocrx_word' id='word_1_220' title='bbox 897 2496 959 2535; x_wconf 87' lang='lat' dir='ltr'><strong>eum</strong></span> 
     </span>
     <span class='ocr_line' id='line_1_30' title="bbox 107 2552 958 2623; baseline 0.007 -18"><span class='ocrx_word' id='word_1_221' title='bbox 107 2552 211 2621; x_wconf 71' lang='lat' dir='ltr'><strong>primis.</strong></span> <span class='ocrx_word' id='word_1_222' title='bbox 247 2553 300 2617; x_wconf 87' lang='lat' dir='ltr'><strong>Qui</strong></span> <span class='ocrx_word' id='word_1_223' title='bbox 314 2553 388 2607; x_wconf 90' lang='lat' dir='ltr'><strong>enim</strong></span> <span class='ocrx_word' id='word_1_224' title='bbox 404 2553 442 2606; x_wconf 88' lang='lat' dir='ltr'><strong>M.</strong></span> <span class='ocrx_word' id='word_1_225' title='bbox 460 2553 613 2607; x_wconf 75' lang='lat' dir='ltr'><strong>Antonium</strong></span> <span class='ocrx_word' id='word_1_226' title='bbox 626 2557 801 2623; x_wconf 80' lang='lat' dir='ltr'><strong>oppresserit,</strong></span> <span class='ocrx_word' id='word_1_227' title='bbox 816 2557 840 2610; x_wconf 90' lang='lat' dir='ltr'><strong>is</strong></span> <span class='ocrx_word' id='word_1_228' title='bbox 857 2556 958 2610; x_wconf 90' lang='lat' dir='ltr'><strong>bellum</strong></span> 
     </span>
     <span class='ocr_line' id='line_1_31' title="bbox 107 2628 958 2700; baseline 0.006 -19"><span class='ocrx_word' id='word_1_229' title='bbox 107 2628 262 2682; x_wconf 62' lang='lat' dir='ltr'><strong>coniecerit.</strong></span> <span class='ocrx_word' id='word_1_230' title='bbox 289 2629 390 2696; x_wconf 75' lang='lat' dir='ltr'><strong>Itaque</strong></span> <span class='ocrx_word' id='word_1_231' title='bbox 400 2628 540 2683; x_wconf 88' lang='lat' dir='ltr'><strong>Homerus</strong></span> <span class='ocrx_word' id='word_1_232' title='bbox 551 2646 605 2683; x_wconf 90' lang='lat' dir='ltr'><strong>non</strong></span> <span class='ocrx_word' id='word_1_233' title='bbox 616 2629 740 2700; x_wconf 81' lang='lat' dir='ltr'><strong>Ajacem,</strong></span> <span class='ocrx_word' id='word_1_234' title='bbox 752 2649 803 2687; x_wconf 86' lang='lat' dir='ltr'><strong>nec</strong></span> <span class='ocrx_word' id='word_1_235' title='bbox 813 2632 958 2698; x_wconf 86' lang='lat' dir='ltr'><strong>Achillem,</strong></span> 
     </span>
    </p>
   </div>
   <div class='ocr_carea' id='block_1_12' title="bbox 6 2705 736 2792">
    <p class='ocr_par' dir='ltr' id='par_1_12' title="bbox 6 2705 736 2792">
     <span class='ocr_line' id='line_1_32' title="bbox 6 2705 736 2792; baseline 0.005 -33"><span class='ocrx_word' id='word_1_236' title='bbox 6 2772 8 2792; x_wconf 65' lang='lat'><em>,</em></span> <span class='ocrx_word' id='word_1_237' title='bbox 107 2706 158 2760; x_wconf 89' lang='lat' dir='ltr'><strong>sed</strong></span> <span class='ocrx_word' id='word_1_238' title='bbox 170 2706 280 2759; x_wconf 82' lang='lat' dir='ltr'><strong>Ulixem</strong></span> <span class='ocrx_word' id='word_1_239' title='bbox 290 2705 438 2774; x_wconf 82' lang='lat' dir='ltr'><strong>appellavit</strong></span> <span class='ocrx_word' id='word_1_240' title='bbox 451 2708 621 2768; x_wconf 74' lang='grc' dir='ltr'>πτολίπορθον.</span> <span class='ocrx_word' id='word_1_241' title='bbox 660 2706 736 2763; x_wconf 81' lang='lat' dir='ltr'><strong>Vale.</strong></span> 
     </span>
    </p>
   </div>
   <div class='ocr_carea' id='block_1_13' title="bbox 332 2848 730 2900">
    <p class='ocr_par' dir='ltr' id='par_1_13' title="bbox 332 2848 730 2900">
     <span class='ocr_line' id='line_1_33' title="bbox 332 2848 730 2900; baseline 0.013 -5"><span class='ocrx_word' id='word_1_242' title='bbox 332 2850 370 2896; x_wconf 87' lang='lat'><strong>30.</strong></span> <span class='ocrx_word' id='word_1_243' title='bbox 400 2848 528 2897; x_wconf 83' lang='lat' dir='ltr'>CICERO</span> <span class='ocrx_word' id='word_1_244' title='bbox 545 2850 687 2900; x_wconf 81' lang='lat' dir='ltr'>PLANCO</span> <span class='ocrx_word' id='word_1_245' title='bbox 704 2851 730 2900; x_wconf 87' lang='lat' dir='ltr'><strong>S.</strong></span> 
     </span>
    </p>
   </div>
   <div class='ocr_carea' id='block_1_14' title="bbox 7 2950 958 3103">
    <p class='ocr_par' dir='ltr' id='par_1_14' title="bbox 7 2950 958 3103">
     <span class='ocr_line' id='line_1_34' title="bbox 7 2964 675 3006; baseline 0.012 -12"><span class='ocrx_word' id='word_1_246' title='bbox 7 2982 8 3006; x_wconf 21' lang='grc' dir='ltr'>ἦ</span> <span class='ocrx_word' id='word_1_247' title='bbox 388 2964 412 3001; x_wconf 85' lang='lat' dir='ltr'><strong>x.</strong></span> <span class='ocrx_word' id='word_1_248' title='bbox 465 2989 471 3003; x_wconf 95' lang='lat'><strong>.</strong></span> <span class='ocrx_word' id='word_1_249' title='bbox 526 2990 532 3002; x_wconf 95' lang='lat'><strong>.</strong></span> <span class='ocrx_word' id='word_1_250' title='bbox 566 2990 572 3001; x_wconf 89' lang='lat'><strong>.</strong></span> <span class='ocrx_word' id='word_1_251' title='bbox 602 2990 608 3002; x_wconf 93' lang='lat'><strong>.</strong></span> <span class='ocrx_word' id='word_1_252' title='bbox 670 2990 675 3002; x_wconf 94' lang='lat'><strong>.</strong></span> 
     </span>
     <span class='ocr_line' id='line_1_35' title="bbox 7 2950 958 3103; baseline 0.011 -21"><span class='ocrx_word' id='word_1_253' title='bbox 7 3015 8 3018; x_wconf 24' lang='lat'>¹</span> <span class='ocrx_word' id='word_1_254' title='bbox 108 3030 132 3084; x_wconf 90' lang='grc' dir='ltr'>Ο</span> <span class='ocrx_word' id='word_1_255' title='bbox 146 3034 254 3099; x_wconf 79' lang='lat' dir='ltr'><strong>gratem</strong></span> <span class='ocrx_word' id='word_1_256' title='bbox 270 2950 470 3087; x_wconf 37' lang='lat' dir='ltr'><strong>summeium</strong></span> <span class='ocrx_word' id='word_1_257' title='bbox 484 2953 704 3089; x_wconf 48' lang='lat' dir='ltr'><strong>anteum‘ctrqrrilanr</strong></span> <span class='ocrx_word' id='word_1_258' title='bbox 717 3034 754 3089; x_wconf 89' lang='lat' dir='ltr'><strong>de</strong></span> <span class='ocrx_word' id='word_1_259' title='bbox 765 3034 889 3091; x_wconf 83' lang='lat' dir='ltr'><strong>subsidio</strong></span> <span class='ocrx_word' id='word_1_260' title='bbox 901 3041 958 3103; x_wconf 81' lang='lat' dir='ltr'><strong>tuo,</strong></span> 
     </span>
    </p>
   </div>
   <div class='ocr_carea' id='block_1_15' title="bbox 7 3106 959 3257">
    <p class='ocr_par' dir='ltr' id='par_1_15' title="bbox 7 3106 959 3257">
     <span class='ocr_line' id='line_1_36' title="bbox 7 3106 959 3179; baseline 0.012 -21"><span class='ocrx_word' id='word_1_261' title='bbox 7 3131 8 3144; x_wconf 57' lang='grc' dir='ltr'>ι</span> <span class='ocrx_word' id='word_1_262' title='bbox 108 3106 144 3160; x_wconf 89' lang='lat' dir='ltr'><strong>de</strong></span> <span class='ocrx_word' id='word_1_263' title='bbox 152 3107 252 3174; x_wconf 77' lang='lat' dir='ltr'><strong>studio,</strong></span> <span class='ocrx_word' id='word_1_264' title='bbox 261 3108 298 3161; x_wconf 86' lang='lat' dir='ltr'><strong>de</strong></span> <span class='ocrx_word' id='word_1_265' title='bbox 306 3108 456 3176; x_wconf 77' lang='lat' dir='ltr'><strong>celeritate,</strong></span> <span class='ocrx_word' id='word_1_266' title='bbox 466 3109 502 3163; x_wconf 90' lang='lat' dir='ltr'><strong>de</strong></span> <span class='ocrx_word' id='word_1_267' title='bbox 513 3111 612 3179; x_wconf 87' lang='lat' dir='ltr'><strong>copiis!</strong></span> <span class='ocrx_word' id='word_1_268' title='bbox 635 3112 731 3179; x_wconf 80' lang='lat' dir='ltr'><strong>Atque</strong></span> <span class='ocrx_word' id='word_1_269' title='bbox 739 3112 823 3164; x_wconf 82' lang='lat' dir='ltr'><strong>eiiam</strong></span> <span class='ocrx_word' id='word_1_270' title='bbox 833 3111 959 3169; x_wconf 78' lang='lat' dir='ltr'><strong>hostibus</strong></span> 
     </span>
     <span class='ocr_line' id='line_1_37' title="bbox 7 3179 957 3257; baseline 0.015 -24"><span class='ocrx_word' id='word_1_271' title='bbox 7 3179 9 3246; x_wconf 55' lang='grc' dir='ltr'>ἰ</span> <span class='ocrx_word' id='word_1_272' title='bbox 107 3181 174 3235; x_wconf 84' lang='lat' dir='ltr'><strong>fusis</strong></span> <span class='ocrx_word' id='word_1_273' title='bbox 195 3200 258 3252; x_wconf 84' lang='lat' dir='ltr'><strong>spes</strong></span> <span class='ocrx_word' id='word_1_274' title='bbox 276 3184 364 3237; x_wconf 86' lang='lat' dir='ltr'><strong>omnis</strong></span> <span class='ocrx_word' id='word_1_275' title='bbox 384 3189 428 3239; x_wconf 79' lang='lat' dir='ltr'><strong>est</strong></span> <span class='ocrx_word' id='word_1_276' title='bbox 446 3186 473 3239; x_wconf 89' lang='lat' dir='ltr'><strong>in</strong></span> <span class='ocrx_word' id='word_1_277' title='bbox 486 3190 524 3240; x_wconf 79' lang='lat' dir='ltr'><strong>tc.</strong></span> <span class='ocrx_word' id='word_1_278' title='bbox 563 3186 676 3255; x_wconf 79' lang='lat' dir='ltr'><strong>Fugisse</strong></span> <span class='ocrx_word' id='word_1_279' title='bbox 697 3186 770 3241; x_wconf 85' lang='lat' dir='ltr'><strong>cuim</strong></span> <span class='ocrx_word' id='word_1_280' title='bbox 795 3204 828 3240; x_wconf 82' lang='lat' dir='ltr'><strong>ox</strong></span> <span class='ocrx_word' id='word_1_281' title='bbox 853 3191 957 3257; x_wconf 82' lang='lat' dir='ltr'><strong>proelio</strong></span> 
     </span>
    </p>
   </div>
   <div class='ocr_carea' id='block_1_16' title="bbox 0 0 1104 3450">
    <p class='ocr_par' dir='ltr' id='par_1_16' title="bbox 0 0 1104 3450">
     <span class='ocr_line' id='line_1_38' title="bbox 0 0 1104 3450; baseline 0 0"><span class='ocrx_word' id='word_1_282' title='bbox 0 0 1104 3450; x_wconf 95' lang='lat' dir='ltr'><strong> </strong></span> 
     </span>
    </p>
   </div>
  </div>
 </body>
</html>
