<?xml version="1.0" encoding="UTF-8"?>
<!DOCTYPE html PUBLIC "-//W3C//DTD XHTML 1.0 Transitional//EN"
    "http://www.w3.org/TR/xhtml1/DTD/xhtml1-transitional.dtd">
<html xmlns="http://www.w3.org/1999/xhtml" xml:lang="en" lang="en">
 <head>
  <title>
</title>
<meta http-equiv="Content-Type" content="text/html;charset=utf-8" />
  <meta name='ocr-system' content='tesseract 3.04.00' />
  <meta name='ocr-capabilities' content='ocr_page ocr_carea ocr_par ocr_line ocrx_word'/>
</head>
<body>
  <div class='ocr_page' id='page_1' title='image "./catomajorsivede00longgoog_0103.png"; bbox 0 0 2200 3450; ppageno 0'>
   <div class='ocr_carea' id='block_1_1' title="bbox 150 116 999 271">
    <p class='ocr_par' dir='ltr' id='par_1_1' title="bbox 150 116 999 271">
     <span class='ocr_line' id='line_1_1' title="bbox 345 116 999 170; baseline 0.002 -1"><span class='ocrx_word' id='word_1_1' title='bbox 345 118 601 170; x_wconf 82' lang='lat' dir='ltr'>EPISTOLARUM</span> <span class='ocrx_word' id='word_1_2' title='bbox 617 117 720 168; x_wconf 82' lang='lat' dir='ltr'>LIBRI</span> <span class='ocrx_word' id='word_1_3' title='bbox 737 116 820 169; x_wconf 82' lang='lat' dir='ltr'>DUO.</span> <span class='ocrx_word' id='word_1_4' title='bbox 968 119 999 170; x_wconf 76' lang='lat' dir='ltr'>ot</span> 
     </span>
     <span class='ocr_line' id='line_1_2' title="bbox 150 199 999 271; baseline -0.008 -12"><span class='ocrx_word' id='word_1_5' title='bbox 150 205 227 260; x_wconf 89' lang='lat' dir='ltr'>nium</span> <span class='ocrx_word' id='word_1_6' title='bbox 244 205 330 271; x_wconf 82' lang='lat' dir='ltr'>atque</span> <span class='ocrx_word' id='word_1_7' title='bbox 348 201 493 255; x_wconf 82' lang='lat' dir='ltr'>universae</span> <span class='ocrx_word' id='word_1_8' title='bbox 513 201 555 254; x_wconf 90' lang='lat' dir='ltr'>rei</span> <span class='ocrx_word' id='word_1_9' title='bbox 574 199 701 270; x_wconf 86' lang='lat' dir='ltr'>publicae</span> <span class='ocrx_word' id='word_1_10' title='bbox 720 216 755 254; x_wconf 84' lang='lat' dir='ltr'>ex</span> <span class='ocrx_word' id='word_1_11' title='bbox 771 215 805 253; x_wconf 90' lang='lat' dir='ltr'>eo</span> <span class='ocrx_word' id='word_1_12' title='bbox 826 199 895 253; x_wconf 87' lang='lat' dir='ltr'>scire</span> <span class='ocrx_word' id='word_1_13' title='bbox 912 202 999 266; x_wconf 84' lang='lat' dir='ltr'>poles,</span> 
     </span>
    </p>
   </div>
   <div class='ocr_carea' id='block_1_2' title="bbox 78 275 1001 349">
    <p class='ocr_par' dir='ltr' id='par_1_2' title="bbox 78 275 1001 349">
     <span class='ocr_line' id='line_1_3' title="bbox 78 275 1001 349; baseline -0.007 -17"><span class='ocrx_word' id='word_1_14' title='bbox 78 313 85 332; x_wconf 85' lang='lat'><strong>.</strong></span> <span class='ocrx_word' id='word_1_15' title='bbox 151 280 228 349; x_wconf 89' lang='lat' dir='ltr'>qued</span> <span class='ocrx_word' id='word_1_16' title='bbox 243 279 339 334; x_wconf 90' lang='lat' dir='ltr'>domos</span> <span class='ocrx_word' id='word_1_17' title='bbox 354 279 463 331; x_wconf 87' lang='lat' dir='ltr'>nostras</span> <span class='ocrx_word' id='word_1_18' title='bbox 476 279 506 330; x_wconf 91' lang='lat' dir='ltr'>ot</span> <span class='ocrx_word' id='word_1_19' title='bbox 521 277 639 344; x_wconf 83' lang='lat' dir='ltr'>patriam</span> <span class='ocrx_word' id='word_1_20' title='bbox 655 276 743 342; x_wconf 83' lang='lat' dir='ltr'>ipsam</span> <span class='ocrx_word' id='word_1_21' title='bbox 759 275 802 330; x_wconf 86' lang='lat' dir='ltr'>vel</span> <span class='ocrx_word' id='word_1_22' title='bbox 818 275 1001 344; x_wconf 83' lang='lat' dir='ltr'>diripiendam</span> 
     </span>
    </p>
   </div>
   <div class='ocr_carea' id='block_1_3' title="bbox 152 350 1023 3234">
    <p class='ocr_par' dir='ltr' id='par_1_3' title="bbox 152 350 1023 3234">
     <span class='ocr_line' id='line_1_4' title="bbox 152 350 1001 420; baseline -0.007 -11"><span class='ocrx_word' id='word_1_23' title='bbox 152 356 196 410; x_wconf 86' lang='lat' dir='ltr'>vel</span> <span class='ocrx_word' id='word_1_24' title='bbox 210 354 433 408; x_wconf 84' lang='lat' dir='ltr'>inflammandam</span> <span class='ocrx_word' id='word_1_25' title='bbox 450 353 620 420; x_wconf 82' lang='lat' dir='ltr'>reliquimus.</span> <span class='ocrx_word' id='word_1_26' title='bbox 658 353 691 407; x_wconf 88' lang='lat' dir='ltr'>ln</span> <span class='ocrx_word' id='word_1_27' title='bbox 708 368 772 406; x_wconf 89' lang='lat' dir='ltr'>eum</span> <span class='ocrx_word' id='word_1_28' title='bbox 788 352 877 406; x_wconf 89' lang='lat' dir='ltr'>locum</span> <span class='ocrx_word' id='word_1_29' title='bbox 893 367 939 404; x_wconf 88' lang='lat' dir='ltr'>res</span> <span class='ocrx_word' id='word_1_30' title='bbox 954 350 1001 404; x_wconf 92' lang='lat' dir='ltr'>de-</span> 
     </span>
     <span class='ocr_line' id='line_1_5' title="bbox 153 426 1002 498; baseline -0.005 -14"><span class='ocrx_word' id='word_1_31' title='bbox 153 432 237 485; x_wconf 84' lang='lat' dir='ltr'>ducte</span> <span class='ocrx_word' id='word_1_32' title='bbox 254 432 305 497; x_wconf 86' lang='lat' dir='ltr'>est,</span> <span class='ocrx_word' id='word_1_33' title='bbox 316 432 357 497; x_wconf 89' lang='lat' dir='ltr'>ut,</span> <span class='ocrx_word' id='word_1_34' title='bbox 369 429 423 482; x_wconf 91' lang='lat' dir='ltr'>nisi</span> <span class='ocrx_word' id='word_1_35' title='bbox 436 429 483 498; x_wconf 91' lang='lat' dir='ltr'>qui</span> <span class='ocrx_word' id='word_1_36' title='bbox 496 428 565 482; x_wconf 89' lang='lat' dir='ltr'>deus</span> <span class='ocrx_word' id='word_1_37' title='bbox 577 428 620 482; x_wconf 83' lang='lat' dir='ltr'>rol</span> <span class='ocrx_word' id='word_1_38' title='bbox 632 445 712 483; x_wconf 83' lang='lat' dir='ltr'>casus</span> <span class='ocrx_word' id='word_1_39' title='bbox 725 428 823 496; x_wconf 84' lang='lat' dir='ltr'>aliquis</span> <span class='ocrx_word' id='word_1_40' title='bbox 838 426 1002 498; x_wconf 77' lang='lat' dir='ltr'>subvenerit,</span> 
     </span>
     <span class='ocr_line' id='line_1_6' title="bbox 153 501 1001 574; baseline -0.007 -14"><span class='ocrx_word' id='word_1_41' title='bbox 153 506 221 560; x_wconf 80' lang='lat' dir='ltr'>salvi</span> <span class='ocrx_word' id='word_1_42' title='bbox 242 522 303 560; x_wconf 89' lang='lat' dir='ltr'>esse</span> <span class='ocrx_word' id='word_1_43' title='bbox 322 521 499 574; x_wconf 79' lang='lat' dir='ltr'><strong>nequeamus.</strong></span> <span class='ocrx_word' id='word_1_44' title='bbox 536 503 674 573; x_wconf 77' lang='lat' dir='ltr'>Equidem</span> <span class='ocrx_word' id='word_1_45' title='bbox 698 508 730 557; x_wconf 92' lang='lat' dir='ltr'>ut</span> <span class='ocrx_word' id='word_1_46' title='bbox 753 502 816 556; x_wconf 83' lang='lat' dir='ltr'>voni</span> <span class='ocrx_word' id='word_1_47' title='bbox 836 501 874 556; x_wconf 91' lang='lat' dir='ltr'>ad</span> <span class='ocrx_word' id='word_1_48' title='bbox 897 502 1001 566; x_wconf 85' lang='lat' dir='ltr'>urbem,</span> 
     </span>
     <span class='ocr_line' id='line_1_7' title="bbox 153 578 1002 658; baseline -0.006 -23"><span class='ocrx_word' id='word_1_49' title='bbox 153 599 208 635; x_wconf 88' lang='lat' dir='ltr'>non</span> <span class='ocrx_word' id='word_1_50' title='bbox 219 583 316 639; x_wconf 85' lang='lat' dir='ltr'>destiti</span> <span class='ocrx_word' id='word_1_51' title='bbox 327 582 418 635; x_wconf 89' lang='lat' dir='ltr'>omnia</span> <span class='ocrx_word' id='word_1_52' title='bbox 430 584 459 634; x_wconf 91' lang='lat' dir='ltr'>et</span> <span class='ocrx_word' id='word_1_53' title='bbox 470 581 573 635; x_wconf 86' lang='lat' dir='ltr'>sentire</span> <span class='ocrx_word' id='word_1_54' title='bbox 585 584 614 635; x_wconf 87' lang='lat' dir='ltr'>et</span> <span class='ocrx_word' id='word_1_55' title='bbox 626 581 718 635; x_wconf 89' lang='lat' dir='ltr'>dicere</span> <span class='ocrx_word' id='word_1_56' title='bbox 732 583 761 634; x_wconf 90' lang='lat' dir='ltr'>et</span> <span class='ocrx_word' id='word_1_57' title='bbox 777 580 868 634; x_wconf 86' lang='lat' dir='ltr'>facere</span> <span class='ocrx_word' id='word_1_58' title='bbox 882 595 952 658; x_wconf 76' lang='lat' dir='ltr'>quae</span> <span class='ocrx_word' id='word_1_59' title='bbox 968 578 1002 630; x_wconf 87' lang='lat' dir='ltr'>ad</span> 
     </span>
     <span class='ocr_line' id='line_1_8' title="bbox 154 655 1003 726; baseline -0.007 -14"><span class='ocrx_word' id='word_1_60' title='bbox 154 658 326 712; x_wconf 77' lang='lat' dir='ltr'>concordiam</span> <span class='ocrx_word' id='word_1_61' title='bbox 337 658 509 726; x_wconf 86' lang='lat' dir='ltr'>pertinerent</span> <span class='ocrx_word' id='word_1_62' title='bbox 520 678 526 722; x_wconf 90' lang='lat'><strong>;</strong></span> <span class='ocrx_word' id='word_1_63' title='bbox 540 657 596 710; x_wconf 86' lang='lat' dir='ltr'>sed</span> <span class='ocrx_word' id='word_1_64' title='bbox 607 657 693 710; x_wconf 91' lang='lat' dir='ltr'>mirus</span> <span class='ocrx_word' id='word_1_65' title='bbox 708 657 846 710; x_wconf 85' lang='lat' dir='ltr'>invaserat</span> <span class='ocrx_word' id='word_1_66' title='bbox 861 655 938 708; x_wconf 86' lang='lat' dir='ltr'>furor</span> <span class='ocrx_word' id='word_1_67' title='bbox 950 670 1003 706; x_wconf 83' lang='lat' dir='ltr'>non</span> 
     </span>
     <span class='ocr_line' id='line_1_9' title="bbox 154 731 1005 802; baseline -0.007 -14"><span class='ocrx_word' id='word_1_68' title='bbox 154 734 242 788; x_wconf 91' lang='lat' dir='ltr'>solum</span> <span class='ocrx_word' id='word_1_69' title='bbox 266 733 406 802; x_wconf 81' lang='lat' dir='ltr'>improbis,</span> <span class='ocrx_word' id='word_1_70' title='bbox 425 733 475 787; x_wconf 90' lang='lat' dir='ltr'>sed</span> <span class='ocrx_word' id='word_1_71' title='bbox 498 733 583 787; x_wconf 84' lang='lat' dir='ltr'>etiam</span> <span class='ocrx_word' id='word_1_72' title='bbox 603 733 637 786; x_wconf 91' lang='lat' dir='ltr'>iis</span> <span class='ocrx_word' id='word_1_73' title='bbox 661 733 708 802; x_wconf 89' lang='lat' dir='ltr'>qui</span> <span class='ocrx_word' id='word_1_74' title='bbox 727 733 791 797; x_wconf 82' lang='lat' dir='ltr'>boni</span> <span class='ocrx_word' id='word_1_75' title='bbox 811 731 954 798; x_wconf 81' lang='lat' dir='ltr'>hahentur,</span> <span class='ocrx_word' id='word_1_76' title='bbox 972 733 1005 783; x_wconf 94' lang='lat' dir='ltr'>ut</span> 
     </span>
     <span class='ocr_line' id='line_1_10' title="bbox 154 806 1005 878; baseline -0.006 -15"><span class='ocrx_word' id='word_1_77' title='bbox 154 812 278 878; x_wconf 82' lang='lat' dir='ltr'>pugnare</span> <span class='ocrx_word' id='word_1_78' title='bbox 296 813 436 878; x_wconf 87' lang='lat' dir='ltr'>cuperent,</span> <span class='ocrx_word' id='word_1_79' title='bbox 456 825 501 863; x_wconf 91' lang='lat' dir='ltr'>mo</span> <span class='ocrx_word' id='word_1_80' title='bbox 521 809 657 862; x_wconf 86' lang='lat' dir='ltr'>clamante</span> <span class='ocrx_word' id='word_1_81' title='bbox 676 808 744 862; x_wconf 90' lang='lat' dir='ltr'>nihil</span> <span class='ocrx_word' id='word_1_82' title='bbox 763 824 823 863; x_wconf 84' lang='lat' dir='ltr'>esse</span> <span class='ocrx_word' id='word_1_83' title='bbox 840 807 913 862; x_wconf 91' lang='lat' dir='ltr'>bello</span> <span class='ocrx_word' id='word_1_84' title='bbox 933 806 1005 860; x_wconf 87' lang='lat' dir='ltr'>civili</span> 
     </span>
     <span class='ocr_line' id='line_1_11' title="bbox 155 883 1004 954; baseline -0.002 -16"><span class='ocrx_word' id='word_1_85' title='bbox 155 887 289 939; x_wconf 87' lang='lat' dir='ltr'>miserius.</span> <span class='ocrx_word' id='word_1_86' title='bbox 325 885 426 953; x_wconf 90' lang='lat' dir='ltr'>Itaque</span> <span class='ocrx_word' id='word_1_87' title='bbox 438 901 524 954; x_wconf 90' lang='lat' dir='ltr'>quum</span> <span class='ocrx_word' id='word_1_88' title='bbox 537 885 639 939; x_wconf 84' lang='lat' dir='ltr'>Cacsar</span> <span class='ocrx_word' id='word_1_89' title='bbox 655 884 775 939; x_wconf 86' lang='lat' dir='ltr'>amentia</span> <span class='ocrx_word' id='word_1_90' title='bbox 791 883 910 953; x_wconf 87' lang='lat' dir='ltr'>quadam</span> <span class='ocrx_word' id='word_1_91' title='bbox 927 899 1004 952; x_wconf 84' lang='lat' dir='ltr'>rape·</span> 
     </span>
     <span class='ocr_line' id='line_1_12' title="bbox 155 959 1005 1029; baseline -0.006 -14"><span class='ocrx_word' id='word_1_92' title='bbox 155 966 241 1029; x_wconf 88' lang='lat' dir='ltr'>retur,</span> <span class='ocrx_word' id='word_1_93' title='bbox 254 964 284 1016; x_wconf 91' lang='lat' dir='ltr'>et</span> <span class='ocrx_word' id='word_1_94' title='bbox 299 961 401 1015; x_wconf 89' lang='lat' dir='ltr'>oblitus</span> <span class='ocrx_word' id='word_1_95' title='bbox 419 961 535 1014; x_wconf 90' lang='lat' dir='ltr'>nominis</span> <span class='ocrx_word' id='word_1_96' title='bbox 554 964 639 1029; x_wconf 90' lang='lat' dir='ltr'>atque</span> <span class='ocrx_word' id='word_1_97' title='bbox 656 961 790 1015; x_wconf 87' lang='lat' dir='ltr'>honorum</span> <span class='ocrx_word' id='word_1_98' title='bbox 810 977 928 1026; x_wconf 89' lang='lat' dir='ltr'>suorum,</span> <span class='ocrx_word' id='word_1_99' title='bbox 942 959 1005 1012; x_wconf 77' lang='lat' dir='ltr'>Ari-</span> 
     </span>
     <span class='ocr_line' id='line_1_13' title="bbox 156 1036 1006 1105; baseline -0.004 -15"><span class='ocrx_word' id='word_1_100' title='bbox 156 1039 267 1105; x_wconf 81' lang='lat' dir='ltr'>minum,</span> <span class='ocrx_word' id='word_1_101' title='bbox 293 1037 445 1104; x_wconf 80' lang='lat' dir='ltr'>Pisaurum,</span> <span class='ocrx_word' id='word_1_102' title='bbox 473 1040 621 1105; x_wconf 82' lang='lat' dir='ltr'>Anconam,</span> <span class='ocrx_word' id='word_1_103' title='bbox 646 1037 789 1092; x_wconf 85' lang='lat' dir='ltr'>Arrctium</span> <span class='ocrx_word' id='word_1_104' title='bbox 813 1036 1006 1104; x_wconf 83' lang='lat' dir='ltr'>occupavisset,</span> 
     </span>
     <span class='ocr_line' id='line_1_14' title="bbox 156 1112 1005 1183; baseline -0.005 -17"><span class='ocrx_word' id='word_1_105' title='bbox 156 1113 254 1166; x_wconf 88' lang='lat' dir='ltr'>urbem</span> <span class='ocrx_word' id='word_1_106' title='bbox 271 1113 449 1181; x_wconf 73' lang='lat' dir='ltr'>reliquimus3</span> <span class='ocrx_word' id='word_1_107' title='bbox 472 1129 555 1182; x_wconf 86' lang='lat' dir='ltr'>quam</span> <span class='ocrx_word' id='word_1_108' title='bbox 571 1113 712 1183; x_wconf 86' lang='lat' dir='ltr'>sapienter</span> <span class='ocrx_word' id='word_1_109' title='bbox 728 1116 777 1166; x_wconf 88' lang='lat' dir='ltr'>aut</span> <span class='ocrx_word' id='word_1_110' title='bbox 791 1129 873 1182; x_wconf 89' lang='lat' dir='ltr'>quam</span> <span class='ocrx_word' id='word_1_111' title='bbox 889 1112 1005 1175; x_wconf 82' lang='lat' dir='ltr'>fortiter,</span> 
     </span>
     <span class='ocr_line' id='line_1_15' title="bbox 157 1188 1007 1261; baseline -0.004 -19"><span class='ocrx_word' id='word_1_112' title='bbox 157 1189 225 1242; x_wconf 91' lang='lat' dir='ltr'>nihil</span> <span class='ocrx_word' id='word_1_113' title='bbox 252 1191 355 1250; x_wconf 83' lang='lat' dir='ltr'>attinet</span> <span class='ocrx_word' id='word_1_114' title='bbox 382 1188 525 1261; x_wconf 78' lang='lat' dir='ltr'>disputari</span> <span class='ocrx_word' id='word_1_115' title='bbox 562 1189 621 1253; x_wconf 82' lang='lat' dir='ltr'>Quo</span> <span class='ocrx_word' id='word_1_116' title='bbox 645 1190 758 1258; x_wconf 90' lang='lat' dir='ltr'>quidem</span> <span class='ocrx_word' id='word_1_117' title='bbox 781 1189 810 1241; x_wconf 91' lang='lat' dir='ltr'>in</span> <span class='ocrx_word' id='word_1_118' title='bbox 834 1204 897 1242; x_wconf 87' lang='lat' dir='ltr'>casn</span> <span class='ocrx_word' id='word_1_119' title='bbox 923 1189 1007 1244; x_wconf 83' lang='lat' dir='ltr'>siunrs</span> 
     </span>
     <span class='ocr_line' id='line_1_16' title="bbox 157 1263 1007 1331; baseline -0.004 -13"><span class='ocrx_word' id='word_1_120' title='bbox 157 1264 242 1318; x_wconf 84' lang='lat' dir='ltr'>vides.</span> <span class='ocrx_word' id='word_1_121' title='bbox 278 1265 418 1318; x_wconf 75' lang='lat' dir='ltr'>Feruntur</span> <span class='ocrx_word' id='word_1_122' title='bbox 437 1265 547 1318; x_wconf 89' lang='lat' dir='ltr'>omniuo</span> <span class='ocrx_word' id='word_1_123' title='bbox 564 1265 734 1320; x_wconf 87' lang='lat' dir='ltr'>conditiones</span> <span class='ocrx_word' id='word_1_124' title='bbox 746 1264 782 1318; x_wconf 89' lang='lat' dir='ltr'>ab</span> <span class='ocrx_word' id='word_1_125' title='bbox 801 1263 856 1331; x_wconf 91' lang='lat' dir='ltr'>illo,</span> <span class='ocrx_word' id='word_1_126' title='bbox 877 1265 912 1316; x_wconf 83' lang='grc' dir='ltr'>ιιι</span> <span class='ocrx_word' id='word_1_127' title='bbox 930 1263 1007 1316; x_wconf 90' lang='lat' dir='ltr'>Pom-</span> 
     </span>
     <span class='ocr_line' id='line_1_17' title="bbox 158 1334 1005 1410; baseline -0.002 -17"><span class='ocrx_word' id='word_1_128' title='bbox 158 1341 236 1410; x_wconf 90' lang='lat' dir='ltr'>peius</span> <span class='ocrx_word' id='word_1_129' title='bbox 260 1341 354 1394; x_wconf 86' lang='lat' dir='ltr'>satin</span> <span class='ocrx_word' id='word_1_130' title='bbox 375 1340 547 1409; x_wconf 84' lang='lat' dir='ltr'>Hispaniam,</span> <span class='ocrx_word' id='word_1_131' title='bbox 573 1340 696 1394; x_wconf 88' lang='lat' dir='ltr'>delectus</span> <span class='ocrx_word' id='word_1_132' title='bbox 720 1341 767 1408; x_wconf 92' lang='lat' dir='ltr'>qui</span> <span class='ocrx_word' id='word_1_133' title='bbox 788 1343 853 1394; x_wconf 89' lang='lat' dir='ltr'>sunt</span> <span class='ocrx_word' id='word_1_134' title='bbox 870 1338 957 1392; x_wconf 88' lang='lat' dir='ltr'>habiti</span> <span class='ocrx_word' id='word_1_135' title='bbox 975 1334 1005 1386; x_wconf 76' lang='lat' dir='ltr'>et</span> 
     </span>
     <span class='ocr_line' id='line_1_18' title="bbox 158 1414 1007 1484; baseline -0.004 -15"><span class='ocrx_word' id='word_1_136' title='bbox 158 1415 297 1484; x_wconf 84' lang='lat' dir='ltr'>praesidia</span> <span class='ocrx_word' id='word_1_137' title='bbox 319 1419 414 1477; x_wconf 85' lang='lat' dir='ltr'>nostra</span> <span class='ocrx_word' id='word_1_138' title='bbox 436 1414 614 1470; x_wconf 88' lang='lat' dir='ltr'>dimittantur</span> <span class='ocrx_word' id='word_1_139' title='bbox 621 1434 629 1480; x_wconf 89' lang='lat'>;</span> <span class='ocrx_word' id='word_1_140' title='bbox 658 1432 694 1469; x_wconf 84' lang='lat' dir='ltr'>sc·</span> <span class='ocrx_word' id='word_1_141' title='bbox 710 1416 869 1470; x_wconf 87' lang='lat' dir='ltr'>ulteriorem</span> <span class='ocrx_word' id='word_1_142' title='bbox 894 1415 1007 1468; x_wconf 85' lang='lat' dir='ltr'>Galliam</span> 
     </span>
     <span class='ocr_line' id='line_1_19' title="bbox 160 1490 1009 1559; baseline 0 -15"><span class='ocrx_word' id='word_1_143' title='bbox 160 1490 289 1557; x_wconf 84' lang='lat' dir='ltr'>Domitio,</span> <span class='ocrx_word' id='word_1_144' title='bbox 313 1490 468 1544; x_wconf 77' lang='lat' dir='ltr'>citeriorem</span> <span class='ocrx_word' id='word_1_145' title='bbox 488 1490 617 1544; x_wconf 84' lang='lat' dir='ltr'>Considio</span> <span class='ocrx_word' id='word_1_146' title='bbox 636 1491 769 1559; x_wconf 84' lang='lat' dir='ltr'>Noniano,</span> <span class='ocrx_word' id='word_1_147' title='bbox 789 1490 831 1544; x_wconf 89' lang='lat' dir='ltr'>his</span> <span class='ocrx_word' id='word_1_148' title='bbox 850 1490 922 1544; x_wconf 84' lang='lat' dir='ltr'>eninr</span> <span class='ocrx_word' id='word_1_149' title='bbox 941 1490 1009 1544; x_wconf 90' lang='lat' dir='ltr'>obti-</span> 
     </span>
     <span class='ocr_line' id='line_1_20' title="bbox 159 1565 1008 1636; baseline 0 -16"><span class='ocrx_word' id='word_1_150' title='bbox 159 1571 268 1634; x_wconf 81' lang='lat' dir='ltr'>gcrunt,</span> <span class='ocrx_word' id='word_1_151' title='bbox 287 1565 473 1620; x_wconf 84' lang='lat' dir='ltr'>traditurum:</span> <span class='ocrx_word' id='word_1_152' title='bbox 495 1565 531 1618; x_wconf 86' lang='lat' dir='ltr'>ad</span> <span class='ocrx_word' id='word_1_153' title='bbox 550 1565 706 1622; x_wconf 85' lang='lat' dir='ltr'>consulatus</span> <span class='ocrx_word' id='word_1_154' title='bbox 722 1567 884 1636; x_wconf 77' lang='lat' dir='ltr'>petitionem</span> <span class='ocrx_word' id='word_1_155' title='bbox 900 1583 930 1621; x_wconf 83' lang='lat' dir='ltr'>se</span> <span class='ocrx_word' id='word_1_156' title='bbox 945 1583 1008 1620; x_wconf 84' lang='lat' dir='ltr'>ven-</span> 
     </span>
     <span class='ocr_line' id='line_1_21' title="bbox 161 1640 1009 1720; baseline -0.001 -24"><span class='ocrx_word' id='word_1_157' title='bbox 161 1647 270 1696; x_wconf 88' lang='lat' dir='ltr'>turum:</span> <span class='ocrx_word' id='word_1_158' title='bbox 288 1658 376 1709; x_wconf 89' lang='lat' dir='ltr'>neque</span> <span class='ocrx_word' id='word_1_159' title='bbox 391 1657 421 1694; x_wconf 92' lang='lat' dir='ltr'>se</span> <span class='ocrx_word' id='word_1_160' title='bbox 431 1640 491 1709; x_wconf 88' lang='lat' dir='ltr'>jam</span> <span class='ocrx_word' id='word_1_161' title='bbox 503 1641 574 1695; x_wconf 83' lang='lat' dir='ltr'>vello</span> <span class='ocrx_word' id='word_1_162' title='bbox 588 1641 702 1720; x_wconf 69' lang='lat' dir='ltr'>obsente</span> <span class='ocrx_word' id='word_1_163' title='bbox 718 1659 748 1696; x_wconf 86' lang='lat' dir='ltr'>se</span> <span class='ocrx_word' id='word_1_164' title='bbox 764 1642 1009 1697; x_wconf 85' lang='lat' dir='ltr'>rationemhsbcri</span> 
     </span>
     <span class='ocr_line' id='line_1_22' title="bbox 161 1717 1011 1788; baseline 0.001 -16"><span class='ocrx_word' id='word_1_165' title='bbox 161 1719 216 1773; x_wconf 89' lang='lat' dir='ltr'>sui:</span> <span class='ocrx_word' id='word_1_166' title='bbox 231 1736 261 1772; x_wconf 90' lang='lat' dir='ltr'>so</span> <span class='ocrx_word' id='word_1_167' title='bbox 272 1720 445 1787; x_wconf 77' lang='lat' dir='ltr'>praesentem</span> <span class='ocrx_word' id='word_1_168' title='bbox 458 1718 562 1772; x_wconf 88' lang='lat' dir='ltr'>trinum</span> <span class='ocrx_word' id='word_1_169' title='bbox 574 1717 725 1773; x_wconf 89' lang='lat' dir='ltr'>nundinum</span> <span class='ocrx_word' id='word_1_170' title='bbox 737 1718 896 1788; x_wconf 88' lang='lat' dir='ltr'>potiturum.</span> <span class='ocrx_word' id='word_1_171' title='bbox 926 1719 1011 1773; x_wconf 80' lang='lat' dir='ltr'>Acco</span> 
     </span>
     <span class='ocr_line' id='line_1_23' title="bbox 161 1794 1011 1865; baseline 0.002 -18"><span class='ocrx_word' id='word_1_172' title='bbox 161 1797 251 1863; x_wconf 87' lang='lat' dir='ltr'>pimus</span> <span class='ocrx_word' id='word_1_173' title='bbox 270 1795 458 1861; x_wconf 84' lang='lat' dir='ltr'>conditiones;</span> <span class='ocrx_word' id='word_1_174' title='bbox 484 1794 535 1848; x_wconf 91' lang='lat' dir='ltr'>scd</span> <span class='ocrx_word' id='word_1_175' title='bbox 555 1794 595 1849; x_wconf 89' lang='lat' dir='ltr'>ita</span> <span class='ocrx_word' id='word_1_176' title='bbox 614 1798 646 1850; x_wconf 91' lang='grc' dir='ltr'>ιιι</span> <span class='ocrx_word' id='word_1_177' title='bbox 665 1799 806 1851; x_wconf 86' lang='lat' dir='ltr'>removeat</span> <span class='ocrx_word' id='word_1_178' title='bbox 820 1796 958 1865; x_wconf 89' lang='lat' dir='ltr'>praesidia</span> <span class='ocrx_word' id='word_1_179' title='bbox 976 1812 1011 1850; x_wconf 83' lang='lat' dir='ltr'>ex</span> 
     </span>
     <span class='ocr_line' id='line_1_24' title="bbox 162 1870 1011 1941; baseline 0.002 -18"><span class='ocrx_word' id='word_1_180' title='bbox 162 1871 205 1936; x_wconf 75' lang='lat' dir='ltr'>liis</span> <span class='ocrx_word' id='word_1_181' title='bbox 219 1871 286 1924; x_wconf 88' lang='lat' dir='ltr'>locis</span> <span class='ocrx_word' id='word_1_182' title='bbox 298 1887 368 1939; x_wconf 82' lang='lat' dir='ltr'>quae</span> <span class='ocrx_word' id='word_1_183' title='bbox 384 1870 535 1939; x_wconf 80' lang='lat' dir='ltr'>occupavit,</span> <span class='ocrx_word' id='word_1_184' title='bbox 546 1875 579 1924; x_wconf 87' lang='grc' dir='ltr'>ιιι</span> <span class='ocrx_word' id='word_1_185' title='bbox 596 1872 654 1925; x_wconf 90' lang='lat' dir='ltr'>sine</span> <span class='ocrx_word' id='word_1_186' title='bbox 671 1877 746 1925; x_wconf 87' lang='lat' dir='ltr'>metu</span> <span class='ocrx_word' id='word_1_187' title='bbox 758 1872 794 1926; x_wconf 91' lang='lat' dir='ltr'>de</span> <span class='ocrx_word' id='word_1_188' title='bbox 810 1872 853 1925; x_wconf 88' lang='lat' dir='ltr'>his</span> <span class='ocrx_word' id='word_1_189' title='bbox 867 1872 934 1941; x_wconf 88' lang='lat' dir='ltr'>ipsis</span> <span class='ocrx_word' id='word_1_190' title='bbox 950 1889 1011 1927; x_wconf 92' lang='lat' dir='ltr'>con-</span> 
     </span>
     <span class='ocr_line' id='line_1_25' title="bbox 163 1946 1012 2017; baseline 0.004 -18"><span class='ocrx_word' id='word_1_191' title='bbox 163 1946 314 2000; x_wconf 84' lang='lat' dir='ltr'>ditionibus</span> <span class='ocrx_word' id='word_1_192' title='bbox 344 1947 448 2000; x_wconf 83' lang='lat' dir='ltr'>Itomae</span> <span class='ocrx_word' id='word_1_193' title='bbox 472 1951 583 2001; x_wconf 86' lang='lat' dir='ltr'>senatus</span> <span class='ocrx_word' id='word_1_194' title='bbox 606 1948 702 2001; x_wconf 89' lang='lat' dir='ltr'>haberi</span> <span class='ocrx_word' id='word_1_195' title='bbox 729 1948 825 2017; x_wconf 86' lang='lat' dir='ltr'>possit.</span> <span class='ocrx_word' id='word_1_196' title='bbox 862 1949 898 2002; x_wconf 88' lang='lat' dir='ltr'>Id</span> <span class='ocrx_word' id='word_1_197' title='bbox 919 1948 965 2003; x_wconf 89' lang='lat' dir='ltr'>ille</span> <span class='ocrx_word' id='word_1_198' title='bbox 989 1948 1012 2002; x_wconf 91' lang='lat' dir='ltr'>si</span> 
     </span>
     <span class='ocr_line' id='line_1_26' title="bbox 163 2024 1013 2095; baseline 0.002 -19"><span class='ocrx_word' id='word_1_199' title='bbox 163 2024 266 2090; x_wconf 83' lang='lat' dir='ltr'>iecerit,</span> <span class='ocrx_word' id='word_1_200' title='bbox 287 2040 349 2091; x_wconf 82' lang='lat' dir='ltr'>spes</span> <span class='ocrx_word' id='word_1_201' title='bbox 369 2027 411 2077; x_wconf 85' lang='lat' dir='ltr'>cst</span> <span class='ocrx_word' id='word_1_202' title='bbox 429 2024 505 2093; x_wconf 90' lang='lat' dir='ltr'>pacis</span> <span class='ocrx_word' id='word_1_203' title='bbox 520 2040 574 2077; x_wconf 92' lang='lat' dir='ltr'>non</span> <span class='ocrx_word' id='word_1_204' title='bbox 591 2025 729 2092; x_wconf 86' lang='lat' dir='ltr'>honestae,</span> <span class='ocrx_word' id='word_1_205' title='bbox 747 2026 822 2093; x_wconf 85' lang='lat' dir='ltr'>leges</span> <span class='ocrx_word' id='word_1_206' title='bbox 838 2026 912 2080; x_wconf 90' lang='lat' dir='ltr'>enim</span> <span class='ocrx_word' id='word_1_207' title='bbox 927 2025 1013 2095; x_wconf 75' lang='lat' dir='ltr'>impe</span> 
     </span>
     <span class='ocr_line' id='line_1_27' title="bbox 163 2098 1013 2169; baseline 0.005 -18"><span class='ocrx_word' id='word_1_208' title='bbox 163 2104 275 2165; x_wconf 87' lang='lat' dir='ltr'>nuntur,</span> <span class='ocrx_word' id='word_1_209' title='bbox 287 2098 337 2153; x_wconf 89' lang='lat' dir='ltr'>sed</span> <span class='ocrx_word' id='word_1_210' title='bbox 349 2098 458 2167; x_wconf 84' lang='lat' dir='ltr'>quidvis</span> <span class='ocrx_word' id='word_1_211' title='bbox 470 2103 514 2154; x_wconf 91' lang='lat' dir='ltr'>cst</span> <span class='ocrx_word' id='word_1_212' title='bbox 526 2100 625 2153; x_wconf 85' lang='lat' dir='ltr'>melius</span> <span class='ocrx_word' id='word_1_213' title='bbox 642 2118 723 2169; x_wconf 87' lang='lat' dir='ltr'>quam</span> <span class='ocrx_word' id='word_1_214' title='bbox 736 2102 775 2155; x_wconf 87' lang='lat' dir='ltr'>sie</span> <span class='ocrx_word' id='word_1_215' title='bbox 789 2118 849 2155; x_wconf 86' lang='lat' dir='ltr'>esse</span> <span class='ocrx_word' id='word_1_216' title='bbox 866 2104 899 2155; x_wconf 92' lang='lat' dir='ltr'>ut</span> <span class='ocrx_word' id='word_1_217' title='bbox 914 2118 1013 2155; x_wconf 88' lang='lat' dir='ltr'>sumus.</span> 
     </span>
     <span class='ocr_line' id='line_1_28' title="bbox 165 2175 1014 2244; baseline 0.004 -16"><span class='ocrx_word' id='word_1_218' title='bbox 165 2176 212 2229; x_wconf 76' lang='lat' dir='ltr'>Sin</span> <span class='ocrx_word' id='word_1_219' title='bbox 228 2180 320 2228; x_wconf 86' lang='lat' dir='ltr'>autom</span> <span class='ocrx_word' id='word_1_220' title='bbox 336 2175 383 2229; x_wconf 92' lang='lat' dir='ltr'>illo</span> <span class='ocrx_word' id='word_1_221' title='bbox 400 2176 456 2230; x_wconf 90' lang='lat' dir='ltr'>suis</span> <span class='ocrx_word' id='word_1_222' title='bbox 468 2176 669 2229; x_wconf 89' lang='lat' dir='ltr'>conditionibus</span> <span class='ocrx_word' id='word_1_223' title='bbox 685 2178 760 2229; x_wconf 86' lang='lat' dir='ltr'>stare</span> <span class='ocrx_word' id='word_1_224' title='bbox 772 2176 900 2244; x_wconf 89' lang='lat' dir='ltr'>noluerit,</span> <span class='ocrx_word' id='word_1_225' title='bbox 912 2176 1014 2231; x_wconf 85' lang='lat' dir='ltr'>bellum.</span> 
     </span>
     <span class='ocr_line' id='line_1_29' title="bbox 165 2250 1015 2320; baseline 0.005 -18"><span class='ocrx_word' id='word_1_226' title='bbox 165 2255 292 2319; x_wconf 84' lang='lat' dir='ltr'>paratum</span> <span class='ocrx_word' id='word_1_227' title='bbox 315 2254 365 2317; x_wconf 88' lang='lat' dir='ltr'>est,</span> <span class='ocrx_word' id='word_1_228' title='bbox 383 2250 518 2319; x_wconf 90' lang='lat' dir='ltr'>ejusmodi</span> <span class='ocrx_word' id='word_1_229' title='bbox 534 2255 628 2305; x_wconf 82' lang='lat' dir='ltr'>tamon</span> <span class='ocrx_word' id='word_1_230' title='bbox 648 2251 721 2320; x_wconf 91' lang='lat' dir='ltr'>quod</span> <span class='ocrx_word' id='word_1_231' title='bbox 741 2252 876 2306; x_wconf 86' lang='lat' dir='ltr'>sustinere</span> <span class='ocrx_word' id='word_1_232' title='bbox 897 2252 943 2305; x_wconf 92' lang='lat' dir='ltr'>ille</span> <span class='ocrx_word' id='word_1_233' title='bbox 961 2270 1015 2306; x_wconf 90' lang='lat' dir='ltr'>non</span> 
     </span>
     <span class='ocr_line' id='line_1_30' title="bbox 165 2326 1016 2396; baseline 0.001 -16"><span class='ocrx_word' id='word_1_234' title='bbox 165 2326 448 2396; x_wconf 75' lang='lat' dir='ltr'>possit-pracsertim</span> <span class='ocrx_word' id='word_1_235' title='bbox 461 2328 545 2395; x_wconf 86' lang='lat' dir='ltr'>quum</span> <span class='ocrx_word' id='word_1_236' title='bbox 558 2344 575 2380; x_wconf 88' lang='lat' dir='ltr'>a</span> <span class='ocrx_word' id='word_1_237' title='bbox 586 2327 643 2380; x_wconf 89' lang='lat' dir='ltr'>suis</span> <span class='ocrx_word' id='word_1_238' title='bbox 654 2327 857 2381; x_wconf 83' lang='lat' dir='ltr'>conditionibus</span> <span class='ocrx_word' id='word_1_239' title='bbox 868 2328 928 2395; x_wconf 89' lang='lat' dir='ltr'>ipse</span> <span class='ocrx_word' id='word_1_240' title='bbox 940 2328 1016 2396; x_wconf 83' lang='lat' dir='ltr'>fuge-</span> 
     </span>
     <span class='ocr_line' id='line_1_31' title="bbox 165 2402 1017 2459; baseline 0.005 -4"><span class='ocrx_word' id='word_1_241' title='bbox 165 2402 428 2457; x_wconf 86' lang='lat' dir='ltr'>rit-tantummodo</span> <span class='ocrx_word' id='word_1_242' title='bbox 444 2409 477 2457; x_wconf 88' lang='lat' dir='ltr'>ut</span> <span class='ocrx_word' id='word_1_243' title='bbox 496 2420 560 2457; x_wconf 87' lang='lat' dir='ltr'>eum</span> <span class='ocrx_word' id='word_1_244' title='bbox 579 2402 795 2457; x_wconf 89' lang='lat' dir='ltr'>intercludamus</span> <span class='ocrx_word' id='word_1_245' title='bbox 812 2420 848 2457; x_wconf 90' lang='lat' dir='ltr'>ne</span> <span class='ocrx_word' id='word_1_246' title='bbox 866 2404 903 2457; x_wconf 89' lang='lat' dir='ltr'>ad</span> <span class='ocrx_word' id='word_1_247' title='bbox 919 2404 1017 2459; x_wconf 88' lang='lat' dir='ltr'>urbem</span> 
     </span>
     <span class='ocr_line' id='line_1_32' title="bbox 166 2478 1018 2549; baseline 0.005 -18"><span class='ocrx_word' id='word_1_248' title='bbox 166 2478 253 2547; x_wconf 82' lang='lat' dir='ltr'>possit</span> <span class='ocrx_word' id='word_1_249' title='bbox 265 2478 396 2532; x_wconf 84' lang='lat' dir='ltr'>accedere</span> <span class='ocrx_word' id='word_1_250' title='bbox 403 2498 410 2543; x_wconf 94' lang='lat'>;</span> <span class='ocrx_word' id='word_1_251' title='bbox 425 2479 499 2547; x_wconf 92' lang='lat' dir='ltr'>quod</span> <span class='ocrx_word' id='word_1_252' title='bbox 512 2479 690 2547; x_wconf 86' lang='lat' dir='ltr'>sperabamus</span> <span class='ocrx_word' id='word_1_253' title='bbox 702 2480 761 2533; x_wconf 89' lang='lat' dir='ltr'>ficri</span> <span class='ocrx_word' id='word_1_254' title='bbox 774 2497 860 2549; x_wconf 84' lang='lat' dir='ltr'>posse.</span> <span class='ocrx_word' id='word_1_255' title='bbox 886 2481 1018 2536; x_wconf 84' lang='lat' dir='ltr'>Delectus</span> 
     </span>
     <span class='ocr_line' id='line_1_33' title="bbox 167 2554 1018 2626; baseline 0.006 -20"><span class='ocrx_word' id='word_1_256' title='bbox 167 2554 239 2607; x_wconf 91' lang='lat' dir='ltr'>enim</span> <span class='ocrx_word' id='word_1_257' title='bbox 252 2564 365 2621; x_wconf 62' lang='lat' dir='ltr'>magnos</span> <span class='ocrx_word' id='word_1_258' title='bbox 377 2554 559 2619; x_wconf 78' lang='lat' dir='ltr'>habebamus3</span> <span class='ocrx_word' id='word_1_259' title='bbox 574 2555 794 2626; x_wconf 80' lang='lat' dir='ltr'>putabamusque</span> <span class='ocrx_word' id='word_1_260' title='bbox 805 2556 882 2610; x_wconf 89' lang='lat' dir='ltr'>illum</span> <span class='ocrx_word' id='word_1_261' title='bbox 895 2561 1018 2612; x_wconf 87' lang='lat' dir='ltr'>metuere</span> 
     </span>
     <span class='ocr_line' id='line_1_34' title="bbox 168 2629 1019 2702; baseline 0.005 -20"><span class='ocrx_word' id='word_1_262' title='bbox 168 2631 190 2682; x_wconf 92' lang='lat' dir='ltr'>si</span> <span class='ocrx_word' id='word_1_263' title='bbox 213 2630 249 2683; x_wconf 89' lang='lat' dir='ltr'>ad</span> <span class='ocrx_word' id='word_1_264' title='bbox 269 2629 366 2683; x_wconf 85' lang='lat' dir='ltr'>urbem</span> <span class='ocrx_word' id='word_1_265' title='bbox 386 2630 427 2683; x_wconf 88' lang='lat' dir='ltr'>ire</span> <span class='ocrx_word' id='word_1_266' title='bbox 445 2632 582 2699; x_wconf 89' lang='lat' dir='ltr'>coepisset</span> <span class='ocrx_word' id='word_1_267' title='bbox 603 2649 638 2685; x_wconf 93' lang='lat' dir='ltr'>ne</span> <span class='ocrx_word' id='word_1_268' title='bbox 658 2632 761 2687; x_wconf 86' lang='lat' dir='ltr'>Gallias</span> <span class='ocrx_word' id='word_1_269' title='bbox 782 2633 931 2701; x_wconf 85' lang='lat' dir='ltr'>amitteret,</span> <span class='ocrx_word' id='word_1_270' title='bbox 951 2650 1019 2702; x_wconf 86' lang='lat' dir='ltr'>quas</span> 
     </span>
     <span class='ocr_line' id='line_1_35' title="bbox 167 2707 1020 2779; baseline 0.008 -19"><span class='ocrx_word' id='word_1_271' title='bbox 167 2707 261 2760; x_wconf 83' lang='lat' dir='ltr'>ambas</span> <span class='ocrx_word' id='word_1_272' title='bbox 281 2707 367 2761; x_wconf 88' lang='lat' dir='ltr'>habet</span> <span class='ocrx_word' id='word_1_273' title='bbox 385 2707 591 2776; x_wconf 86' lang='lat' dir='ltr'>inimicissimas,</span> <span class='ocrx_word' id='word_1_274' title='bbox 607 2711 720 2777; x_wconf 81' lang='lat' dir='ltr'>praeter</span> <span class='ocrx_word' id='word_1_275' title='bbox 739 2709 962 2779; x_wconf 77' lang='lat' dir='ltr'>Transpadanos:</span> <span class='ocrx_word' id='word_1_276' title='bbox 985 2726 1020 2767; x_wconf 77' lang='lat' dir='ltr'>ex</span> 
     </span>
     <span class='ocr_line' id='line_1_36' title="bbox 169 2783 1021 2852; baseline 0.002 -17"><span class='ocrx_word' id='word_1_277' title='bbox 169 2783 359 2852; x_wconf 86' lang='lat' dir='ltr'>Hispaniaque</span> <span class='ocrx_word' id='word_1_278' title='bbox 378 2800 426 2836; x_wconf 82' lang='lat' dir='ltr'>sex</span> <span class='ocrx_word' id='word_1_279' title='bbox 442 2784 564 2851; x_wconf 86' lang='lat' dir='ltr'>legiones</span> <span class='ocrx_word' id='word_1_280' title='bbox 581 2788 610 2838; x_wconf 90' lang='lat' dir='ltr'>et</span> <span class='ocrx_word' id='word_1_281' title='bbox 625 2800 725 2852; x_wconf 83' lang='lat' dir='ltr'>magna</span> <span class='ocrx_word' id='word_1_282' title='bbox 742 2784 843 2839; x_wconf 84' lang='lat' dir='ltr'>auxilia</span> <span class='ocrx_word' id='word_1_283' title='bbox 860 2784 978 2840; x_wconf 80' lang='lat' dir='ltr'>Afranio</span> <span class='ocrx_word' id='word_1_284' title='bbox 992 2788 1021 2838; x_wconf 87' lang='lat' dir='ltr'>et</span> 
     </span>
     <span class='ocr_line' id='line_1_37' title="bbox 170 2858 1021 2929; baseline 0.001 -17"><span class='ocrx_word' id='word_1_285' title='bbox 170 2858 280 2913; x_wconf 86' lang='lat' dir='ltr'>Petreio</span> <span class='ocrx_word' id='word_1_286' title='bbox 295 2858 412 2912; x_wconf 87' lang='lat' dir='ltr'>ducibus</span> <span class='ocrx_word' id='word_1_287' title='bbox 429 2860 546 2914; x_wconf 81' lang='lat' dir='ltr'>lmbcta</span> <span class='ocrx_word' id='word_1_288' title='bbox 563 2864 649 2929; x_wconf 83' lang='lat' dir='ltr'>tergo.</span> <span class='ocrx_word' id='word_1_289' title='bbox 685 2861 841 2928; x_wconf 87' lang='lat' dir='ltr'>Videbitur,</span> <span class='ocrx_word' id='word_1_290' title='bbox 858 2862 882 2915; x_wconf 85' lang='lat' dir='ltr'>si</span> <span class='ocrx_word' id='word_1_291' title='bbox 895 2861 1021 2929; x_wconf 87' lang='lat' dir='ltr'>insaniet,</span> 
     </span>
     <span class='ocr_line' id='line_1_38' title="bbox 169 2936 1021 3004; baseline 0.006 -17"><span class='ocrx_word' id='word_1_292' title='bbox 169 2937 249 3002; x_wconf 81' lang='lat' dir='ltr'>poss&#39;o</span> <span class='ocrx_word' id='word_1_293' title='bbox 267 2936 399 3004; x_wconf 85' lang='lat' dir='ltr'>opprimi3</span> <span class='ocrx_word' id='word_1_294' title='bbox 416 2936 498 2990; x_wconf 88' lang='lat' dir='ltr'>modo</span> <span class='ocrx_word' id='word_1_295' title='bbox 514 2941 547 2991; x_wconf 91' lang='lat' dir='ltr'>ut</span> <span class='ocrx_word' id='word_1_296' title='bbox 559 2938 629 2994; x_wconf 88' lang='lat' dir='ltr'>urbe</span> <span class='ocrx_word' id='word_1_297' title='bbox 646 2938 727 2992; x_wconf 84' lang='lat' dir='ltr'>salva.</span> <span class='ocrx_word' id='word_1_298' title='bbox 762 2938 912 2991; x_wconf 85' lang='lat' dir='ltr'>Maximam</span> <span class='ocrx_word' id='word_1_299' title='bbox 929 2940 1021 2992; x_wconf 85' lang='lat' dir='ltr'>autem</span> 
     </span>
     <span class='ocr_line' id='line_1_39' title="bbox 169 3009 1022 3081; baseline 0.005 -20"><span class='ocrx_word' id='word_1_300' title='bbox 169 3009 278 3077; x_wconf 85' lang='lat' dir='ltr'>plagam</span> <span class='ocrx_word' id='word_1_301' title='bbox 297 3012 410 3081; x_wconf 88' lang='lat' dir='ltr'>accepit,</span> <span class='ocrx_word' id='word_1_302' title='bbox 430 3012 505 3080; x_wconf 91' lang='lat' dir='ltr'>quod</span> <span class='ocrx_word' id='word_1_303' title='bbox 521 3012 546 3065; x_wconf 92' lang='lat' dir='ltr'>is</span> <span class='ocrx_word' id='word_1_304' title='bbox 566 3013 614 3081; x_wconf 92' lang='lat' dir='ltr'>qui</span> <span class='ocrx_word' id='word_1_305' title='bbox 630 3029 763 3067; x_wconf 88' lang='lat' dir='ltr'>summam</span> <span class='ocrx_word' id='word_1_306' title='bbox 784 3013 978 3069; x_wconf 86' lang='lat' dir='ltr'>auctoritatem</span> <span class='ocrx_word' id='word_1_307' title='bbox 994 3014 1022 3066; x_wconf 90' lang='lat' dir='ltr'>in</span> 
     </span>
     <span class='ocr_line' id='line_1_40' title="bbox 170 3085 1023 3158; baseline 0.005 -21"><span class='ocrx_word' id='word_1_308' title='bbox 170 3085 243 3137; x_wconf 90' lang='lat' dir='ltr'>illius</span> <span class='ocrx_word' id='word_1_309' title='bbox 260 3088 386 3158; x_wconf 25' lang='lat' dir='ltr'>exercitu,</span> <span class='ocrx_word' id='word_1_310' title='bbox 398 3087 519 3142; x_wconf 87' lang='lat' dir='ltr'>habebat</span> <span class='ocrx_word' id='word_1_311' title='bbox 535 3088 565 3141; x_wconf 82' lang='grc' dir='ltr'>Τ.</span> <span class='ocrx_word' id='word_1_312' title='bbox 582 3088 719 3143; x_wconf 85' lang='lat' dir='ltr'>Labienus</span> <span class='ocrx_word' id='word_1_313' title='bbox 731 3090 820 3143; x_wconf 81' lang='lat' dir='ltr'>socius</span> <span class='ocrx_word' id='word_1_314' title='bbox 836 3087 946 3143; x_wconf 88' lang='lat' dir='ltr'>sceleris</span> <span class='ocrx_word' id='word_1_315' title='bbox 963 3104 1023 3141; x_wconf 84' lang='lat' dir='ltr'>csso</span> 
     </span>
     <span class='ocr_line' id='line_1_41' title="bbox 170 3160 1023 3234; baseline 0.005 -21"><span class='ocrx_word' id='word_1_316' title='bbox 170 3160 276 3226; x_wconf 81' lang='lat' dir='ltr'>noluit3</span> <span class='ocrx_word' id='word_1_317' title='bbox 294 3162 408 3231; x_wconf 68' lang='lat' dir='ltr'>reliqnlt</span> <span class='ocrx_word' id='word_1_318' title='bbox 423 3164 500 3217; x_wconf 85' lang='lat' dir='ltr'>illum</span> <span class='ocrx_word' id='word_1_319' title='bbox 517 3167 547 3218; x_wconf 87' lang='lat' dir='ltr'>et</span> <span class='ocrx_word' id='word_1_320' title='bbox 562 3164 702 3219; x_wconf 75' lang='lat' dir='ltr'>nobiscum</span> <span class='ocrx_word' id='word_1_321' title='bbox 719 3169 778 3219; x_wconf 81' lang='lat' dir='ltr'>cst:</span> <span class='ocrx_word' id='word_1_322' title='bbox 796 3163 931 3234; x_wconf 85' lang='lat' dir='ltr'>multique</span> <span class='ocrx_word' id='word_1_323' title='bbox 949 3164 1023 3217; x_wconf 84' lang='lat' dir='ltr'>idem</span> 
     </span>
    </p>
   </div>
   <div class='ocr_carea' id='block_1_4' title="bbox 0 0 1129 3450">
    <p class='ocr_par' dir='ltr' id='par_1_4' title="bbox 0 0 1129 3450">
     <span class='ocr_line' id='line_1_42' title="bbox 0 0 1129 3450; baseline 0 0"><span class='ocrx_word' id='word_1_324' title='bbox 0 0 1129 3450; x_wconf 95' lang='lat' dir='ltr'> </span> 
     </span>
    </p>
   </div>
  </div>
 </body>
</html>
