2200 3450
96 119 124 162 lll
321 117 358 164 M.
378 117 506 165 TULLII
523 117 713 166 CICERONIS

93 201 177 248 creat.
214 195 339 260 Malleoli,
358 196 476 263 plantae,
489 200 641 261 sarmenta,
659 195 825 262 viviradices,
848 213 947 266 propa-

94 272 283 338 gines-nonne
304 275 337 324 ca
354 271 475 324 efficiunt
492 275 524 324 ut
542 272 669 339 quemvis
684 287 746 323 cum
764 272 947 327 admiratione

93 347 249 400 delectanti
284 347 358 400 Vitis
379 347 490 421 quidem
514 364 585 415 quac
609 350 708 400 natura
731 347 833 400 caduca
856 352 899 401 cst
917 352 949 402 ct

93 423 143 474 uisi
157 422 226 475 fulta
238 422 274 477 sit
286 423 374 476 fertur
386 423 422 494 ad
435 427 548 489 terram,
560 422 657 476 eadem
670 427 702 476 ut
721 440 751 476 sc
763 423 852 489 erigat
863 423 947 477 clavi-

93 499 160 564 culis
173 493 228 551 suis
236 493 449 567 quasimanibus
457 499 594 567 quidquid
604 502 647 557 cst
656 503 737 551 nacta
746 499 948 566 corrrplcctitur3

93 592 174 644 (quam
188 579 342 643 serpentem
360 575 504 644 multiplici
524 574 602 643 lapsu
621 578 651 628 ct
669 576 786 628 erratico
799 576 872 628 lorro
889 593 947 629 am-

93 656 192 721 putans
209 656 318 706 ceercet
335 668 380 704 ars
398 651 586 718 agricolarum,
605 668 640 704 ne
658 652 783 704 silvescat
801 654 947 706 sarmentis

93 734 122 779 ct
135 729 161 779 in
175 745 267 781 omnes
279 731 373 795 partes
385 727 469 796 nimia
480 727 620 780 firndatur.
657 733 697 780 53.
718 728 817 794 ltaque
834 728 947 781 ineunte

94 820 157 856 rere
170 804 197 856 in
209 804 242 856 iis
255 820 325 871 quae
343 803 439 856 relicta
457 806 521 855 srmt
539 803 648 856 exsistit
666 808 806 869 tunquam
825 803 861 856 ad
879 805 945 856 arti-

94 879 167 931 culos
180 883 379 931 sarmentorum
392 895 426 932 ca
438 895 508 944 quae
520 895 628 946 gemma
643 879 751 944 dieitur,
763 897 780 931 a
792 896 846 946 qua
858 880 947 932 oriens

94 971 146 1006 uva
163 971 224 1007 sese
241 953 381 1018 ostendit;
400 970 470 1021 quae
488 957 518 1008 ct
533 971 613 1007 succo
630 958 721 1008 terrae
736 960 765 1007 ct
781 956 870 1008 calore
883 956 947 1008 solis

94 1046 241 1097 augescens
254 1029 344 1098 primo
354 1033 397 1083 cst
406 1029 557 1098 'peracerba
567 1035 689 1098 gustatu,
699 1029 799 1084 deinde
810 1036 947 1084 ruaturata

94 1103 233 1172 dulcescit,
246 1107 401 1174 vestitaque
418 1107 553 1174 pampinis
571 1122 621 1159 nec
638 1107 745 1159 medico
763 1111 859 1174 tepere
871 1113 948 1160 cieret

95 1187 123 1234 ct
135 1182 232 1234 nimios
245 1182 309 1236 solis
321 1181 446 1235 defendit
458 1182 578 1234 ardores.
615 1182 674 1246 Qua
692 1181 760 1250 quid
776 1187 869 1249 potest
887 1200 947 1235 csse

95 1262 153 1311 tum
164 1259 256 1312 fructu
268 1257 367 1314 laetius
380 1262 439 1311 tum
452 1258 585 1325 adspectu
596 1257 754 1325 pulchrius?
790 1258 876 1326 Cujus
889 1259 947 1327 qui-

95 1335 158 1387 dem
173 1352 226 1387 non
241 1335 406 1395 utilitasme
424 1335 518 1399 solum,
531 1338 564 1407 ut
578 1338 643 1386 ante
655 1333 721 1399 dixi,
735 1335 879 1387 sedetiam
892 1335 948 1387 cul-

95 1415 158 1464 tura
176 1415 205 1465 ct
223 1411 283 1478 ipsa
301 1413 399 1463 natura
419 1410 554 1464 delcetat:
580 1409 806 1462 adminiculorum
831 1410 948 1477 ordines,

94 1488 214 1555 capitum
227 1487 341 1555 jugatio,
359 1486 483 1552 religatio
496 1489 525 1541 ct
537 1486 698 1554 propagatio
710 1485 815 1553 vitium,
828 1502 947 1538 sarnico-

95 1567 239 1632 torumque
252 1581 285 1616 ca
296 1579 379 1632 quum
395 1563 452 1614 dixi
468 1563 582 1614 aliorum
598 1561 751 1629 amputatio
767 1561 882 1619 aliorum
898 1561 947 1613 im-

95 1639 194 1692 missio.
221 1639 292 1702 Quid
303 1655 353 1706 ego
366 1637 546 1704 irrigationes,
561 1637 628 1705 quid
640 1637 773 1690 fossiones
786 1637 845 1704 agri
857 1654 948 1705 repas-

95 1715 296 1783 tinationesque
308 1714 444 1783 proferam
458 1713 558 1781 quibus
571 1713 603 1767 fit
615 1713 701 1767 rnulto
709 1714 949 1767 terrasceundiorl

96 1799 134 1845 54.
154 1791 227 1855 Quid
239 1790 275 1844 dc
287 1790 407 1843 utilitate
414 1790 512 1861 loquar
520 1790 689 1843 stercorandi
700 1792 709 1844 l
727 1790 785 1842 dixi
797 1790 825 1842 in
838 1807 870 1843 eo
880 1790 949 1843 libro

95 1884 177 1936 quem
189 1866 224 1920 de
237 1866 318 1919 rebus
331 1867 440 1919 rusticis
453 1866 557 1935 scripsi,
575 1865 610 1919 de
623 1883 678 1935 qua
695 1866 792 1919 doctus
809 1866 949 1919 Hesiodus

95 1961 129 1997 ne
138 1942 251 2005 uerbum
264 1942 375 2009 quidem
387 1942 451 1995 fecit
464 1958 548 2009 quum
562 1942 597 1995 dc
610 1943 718 1995 cultura
730 1942 788 2009 agri
802 1942 949 1998 scriberet:

96 2023 125 2073 at
145 2019 288 2085 Homerus,
306 2018 354 2087 qui
374 2018 475 2084 multis,
495 2021 527 2071 ut
545 2018 613 2071 mihi
633 2018 750 2084 videtur,
770 2022 834 2071 ante
853 2018 950 2071 seculis

96 2096 155 2162 suit,
173 2096 300 2149 Laertem
318 2094 465 2147 lenientem
487 2094 664 2161 desiderium,
689 2095 764 2163 quod
786 2094 913 2162 capiebat
934 2110 950 2147 e

96 2172 159 2239 filio,
173 2171 307 2225 colentem
325 2187 421 2238 agrum
441 2174 470 2224 et
487 2170 549 2223 cunr
566 2174 763 2225 stercorantem
784 2172 855 2224 facit.
892 2171 950 2223 Nec

96 2265 159 2300 vero
176 2247 315 2315 segetibus
330 2247 417 2300 solum
434 2251 463 2300 et
480 2247 568 2316 pratis
587 2250 616 2300 et
633 2246 718 2300 vineis
734 2252 763 2301 et
774 2247 894 2301 arbustis
906 2262 950 2299 res

96 2324 214 2378 rusticae
229 2325 317 2378 laetae
334 2327 406 2392 sunt,
418 2323 467 2379 sed
482 2324 567 2377 ctiam
582 2324 671 2377 hortis
687 2328 717 2377 ct
728 2324 874 2392 pomariis;
891 2327 949 2376 turn

97 2400 231 2468 pecudum
248 2404 336 2468 pastu,
355 2401 447 2469 apium
465 2400 644 2466 examinibus,
664 2400 762 2453 florum
775 2400 895 2452 omnium
906 2416 951 2452 va-

97 2478 202 2529 rietate.
238 2477 263 2528 N
266 2492 297 2529 cc
308 2477 470 2531 consitiones
483 2477 566 2531 modo
586 2476 726 2529 delectant
744 2476 794 2529 sed
812 2477 895 2528 ctiam
914 2475 951 2527 in-

97 2543 216 2614 sitiones,
229 2551 327 2619 quibus
339 2551 405 2605 nihil
418 2553 524 2606 invenit
537 2553 704 2620 agricultura
716 2552 861 2605 sollertius

150 2626 230 2679 XVI.
256 2633 298 2679 55.
325 2627 439 2680 Possum
452 2629 581 2698 persequi
594 2629 682 2682 multa
695 2628 899 2681 oblectamenta
911 2643 951 2679 rc·

97 2718 158 2753 rum
177 2702 356 2767 rusticarum
382 2704 431 2757 sed
451 2722 484 2759 ca
505 2706 565 2773 ipsa
585 2723 656 2774 quae
676 2705 734 2758 dixi
758 2705 842 2757 fuisse
865 2703 951 2756 sentio

97 2777 230 2845 longiora:
262 2778 414 2845 Ignoscetis
427 2786 532 2846 autam
551 2799 615 2834 narn
633 2785 662 2835 et
679 2780 771 2833 studio
787 2796 880 2833 rerum
894 2796 951 2832 rus

97 2853 212 2906 ticarum
224 2859 368 2922 provectus
381 2871 448 2919 suin,
460 2861 488 2909 et
501 2862 627 2910 senectus
637 2860 681 2909 cst
691 2859 791 2909 natura
805 2855 952 2922 loquacior,

97 2944 132 2983 ne
143 2930 179 2983 ab
191 2929 314 2983 omnibus
328 2947 389 2983 earn
402 2931 475 2984 vitiis
489 2933 583 2985 videar·
595 2932 741 2985 vindicare.
772 2932 846 2998 Ergo
860 2932 887 2983 iu
901 2931 952 2985 hac

98 3006 155 3059 vita
176 3006 220 3059 M’.
239 3005 344 3071 Curius,
365 3024 448 3075 quum
469 3008 504 3061 de
526 3008 702 3072 Samnitibus,
722 3007 758 3061 de
780 3007 895 3072 Sabinis,
918 3007 952 3059 de

101 3080 204 3151 Pyrrho
232 3081 434 3149 triumphasset,
462 3084 630 3151 consumpsit
657 3087 813 3136 cxtrcmum
841 3086 951 3149 tempus

99 3158 214 3224 aetatis3
239 3158 318 3226 cujus
339 3158 451 3227 quidem
472 3175 523 3225 ego
544 3159 635 3213 villam
656 3153 852 3227 contemplans,
872 3158 952 3213 abest
