2200 3450
120 169 150 219 78
349 158 534 212 sinuum
552 158 745 208 CICERONIS

118 245 161 301 tui
172 241 312 299 desiderio
327 239 534 307 oblsnguerunt
573 237 635 292 Hae
648 239 740 290 tamen
757 235 872 304 epistola
888 251 969 304 quam

120 323 240 377 Acastus
255 317 351 374 attulit
365 317 458 371 oculos
471 315 594 384 paullum
611 311 788 367 sustideruut.
825 311 970 380 Pompeius

100 426 103 430 ·
119 401 180 453 erat
192 395 266 465 apud
278 410 324 447 me
335 409 420 462 quum
431 391 499 444 haec
516 389 677 458 scribebam,
688 388 775 441 hilare
790 391 822 442 et
835 387 969 442 lubenter.

120 474 154 528 Ili
170 471 291 540 cupienti
308 469 404 524 audire
420 472 516 522 nestra
531 467 626 520 dixi
604 469 708 520 sinete
717 467 808 518 omnia
819 482 882 544 mea
894 469 971 519 muta

120 566 189 604 esse
225 549 266 602 Tu
280 545 367 600 Musis
378 545 481 599 uestris
492 561 559 612 para
570 547 603 597 ιιι
614 559 712 631 operas
724 537 845 596 reddas.
868 542 895 594 N
897 546 972 596 est

121 625 157 679 ad
169 625 243 678 diem
255 623 357 677 dictam
369 622 444 674 fient
482 620 570 672 Docui
586 620 628 673 eni
641 636 657 671 ιι
673 622 703 672 te
719 617 789 672 fides
801 622 887 679 ἔτυμον
898 618 972 686 quod

121 701 243 755 haberet.
280 699 335 753 Fac
354 698 436 767 plane
454 699 488 750 ut
508 696 605 750 valeas.
643 695 701 749 Nos
721 693 859 808 adsumus.
894 693 973 748 Vsle.

121 792 178 831 ιιι.
191 776 254 831 Kal.

366 861 406 908 12.
439 857 469 916 Q.
488 856 527 905 M.
546 855 725 905 FRATRIS

380 955 445 1013 (xvi.
459 954 498 1001 10.
532 965 558 1002 s.
573 963 633 1001 ιι..ο
653 953 719 1014 700.)

122 1047 167 1100 De
186 1046 293 1112 Tisone,
313 1043 351 1097 mi
373 1043 476 1112 Marce,
490 1043 531 1096 ita
552 1047 582 1096 te
601 1058 747 1110 meumque
765 1043 925 1098 Ciceronem
944 1049 973 1100 et

123 1139 211 1175 meam
224 1120 366 1173 Tulliolam
378 1122 512 1186 tuumque
524 1119 612 1172 lilium
625 1118 739 1185 videam,
750 1122 784 1172 ut
794 1119 862 1173 mihi
875 1111 973 1189 gratis-

124 1198 222 1250 simum
239 1196 336 1264 fecisti,
353 1212 438 1264 quum
453 1211 523 1260 eum,
536 1193 680 1261 iudignum
699 1194 746 1247 illa
764 1195 881 1263 fortuna,
895 1197 974 1250 nobis

123 1273 241 1328 amicum
258 1289 341 1340 quam
357 1287 465 1324 servum
480 1287 540 1324 esse
555 1269 685 1323 maluisti.
721 1270 791 1324 Mihi
812 1273 902 1336 crede,
918 1274 975 1326 tuis

124 1353 155 1404 et
174 1349 248 1403 illius
267 1349 355 1402 ilteris
373 1347 502 1416 perlectis
520 1346 618 1400 exsilui
637 1346 746 1416 gaudio,
761 1350 791 1401 ct
807 1347 859 1402 tibi
876 1352 906 1402 et
922 1366 975 1417 ago

124 1425 228 1494 gratias
248 1429 278 1479 ct
296 1424 427 1493 gratulor.
461 1423 491 1477 Si
510 1423 582 1476 enim
601 1422 669 1476 mihi
690 1422 772 1477 Statii
793 1424 912 1478 fidelitas
932 1429 976 1479 est

125 1504 220 1555 tantae
238 1501 382 1570 voluptati,
399 1501 495 1570 quanti
514 1515 576 1554 esse
594 1499 622 1552 in
640 1500 694 1553 isto
705 1499 773 1554 haec
790 1501 886 1555 eadem
904 1502 976 1555 bona

126 1575 237 1644 debent,
257 1577 362 1631 additis
386 1576 482 1644 literis,
502 1576 678 1644 semissibus,
703 1576 882 1645 humanitate,
904 1594 975 1646 quac

127 1655 191 1706 sunt
202 1653 246 1706 his
255 1653 322 1722 ipsis
334 1651 484 1706 commodis
495 1653 619 1722 patierat
639 1654 711 1706 Amo
722 1656 752 1707 te
763 1653 890 1708 omnibus
899 1653 976 1722 equi-

127 1728 191 1783 dem
208 1730 333 1784 maximis
352 1730 388 1784 de
404 1730 501 1798 causis,
513 1747 609 1786 verum
627 1731 709 1785 etiam
726 1736 841 1801 propter
852 1732 921 1785 hanc
932 1730 976 1784 rel

128 1805 202 1872 quod
213 1805 281 1859 mihi
293 1806 332 1859 sic
342 1810 376 1860 ut
387 1806 509 1861 debuisti
520 1807 661 1869 nuntiasti.
698 1808 736 1861 Te
747 1810 837 1861 totum
849 1806 878 1860 iu
888 1806 978 1861 literis

6 1939 22 1944 A*
99 1942 117 1948 ss
128 1880 191 1935 vidi.
227 1881 321 1936 Sabini
332 1883 427 1951 pueris
437 1886 468 1936 et
479 1882 593 1952 promisi
603 1883 701 1952 omnia,
712 1887 742 1938 et
753 1884 856 1938 faciam.

301 2018 339 2063 13.
367 2016 526 2067 TULLIUS
541 2017 669 2066 TIRONI
686 2020 753 2069 SUO
771 2020 796 2071 S.

389 2111 460 2171 (xvi.
473 2114 496 2159 2.
530 2124 558 2161 s.
571 2123 596 2160 ιι.
610 2123 631 2161 c.
651 2112 716 2173 704.)

130 2198 194 2253 Non
205 2213 276 2267 queo
288 2196 324 2251 ad
336 2202 366 2252 te
377 2215 429 2252 nec
440 2198 519 2253 lubet
530 2199 651 2254 scribere
663 2218 717 2270 quo
729 2200 819 2254 anima
832 2202 882 2255 sim
898 2201 979 2257 affec-¹

129 2279 189 2330 tus:
206 2277 315 2329 tantum
332 2273 421 2328 scribo
437 2279 466 2329 et
487 2274 539 2329 tibi
560 2276 672 2329 etmihi
690 2276 826 2331 maximae
843 2277 979 2347 voluptati

131 2351 196 2417 iore,
208 2351 270 2405 site
282 2350 392 2403 firmum
403 2368 485 2419 quam
496 2352 615 2419 primum
627 2352 729 2407 videro.
765 2352 858 2408 Tertio
870 2353 915 2408 die
929 2354 979 2407 abs

130 2426 208 2482 lead
220 2426 344 2495 Alyziam
355 2443 563 2503 accesseramus.
601 2428 630 2482 Is
642 2429 716 2483 locus
732 2432 775 2485 est
791 2429 862 2483 citra
878 2429 979 2483 Leusa-

131 2502 194 2556 dem
207 2503 297 2558 stadia
308 2518 369 2558 cxx.
407 2504 533 2559 Leucade
545 2510 594 2561 aut
605 2509 634 2560 tc
646 2506 735 2575 ipsum
748 2510 796 2560 aut
807 2509 870 2560 tuas
885 2506 980 2559 literas

131 2596 149 2632 a
177 2579 302 2633 Marione
331 2580 462 2649 putabam
486 2598 531 2635 me
554 2587 737 2650 accepturum.
774 2581 912 2645 Quantum
935 2597 981 2635 mc

132 2653 231 2722 diligis,
249 2658 357 2709 tantum
380 2656 424 2711 fac
446 2660 480 2711 ιιι
498 2657 595 2719 valeas,
614 2658 657 2711 vel
677 2660 809 2726 quantum
826 2674 844 2711 a
862 2673 906 2711 me
927 2656 982 2713 scis

132 2728 216 2798 diligi
251 2729 338 2783 Nauis
349 2730 481 2786 Novemb.
517 2733 619 2801 Alyzia

144 2848 184 2899 14.
219 2848 378 2899 TULLIUS
396 2850 441 2900 ET
459 2852 586 2900 CICERO
604 2854 732 2903 TIRONI
753 2854 820 2904 SUO
839 2854 864 2905 S.
885 2854 918 2903 D.
937 2854 983 2903 ET

367 2931 397 2992 Q.
416 2933 536 2981 PATER
553 2934 597 2982 ET
614 2934 745 2985 FILIUS.

403 3032 469 3091 (ιιι,
483 3031 506 3077 3.
539 3043 566 3078 s.
579 3041 603 3079 ιι.
616 3042 639 3080 c.
658 3031 723 3091 704.)

133 3110 195 3165 Nes
206 3112 280 3180 apud
292 3112 423 3181 Alyziam,
435 3131 472 3169 ex
483 3132 538 3184 quo
549 3115 609 3170 loco
620 3116 672 3171 tibi
683 3116 778 3170 literas
789 3119 854 3170 aute
867 3116 985 3173 dedera-

134 3202 206 3255 mus,
219 3203 304 3253 unum
319 3188 398 3255 diem
410 3191 572 3244 commorati
590 3207 692 3258 minus,
708 3191 783 3261 quod
799 3192 917 3258 Quintus
933 3208 986 3247 nos
