2200 3450
7 3334 70 3403 R

103 165 134 211 86
331 163 370 229 M.
387 162 516 212 TULLII
538 162 728 212 CICERONIS

200 291 240 345 aa
274 289 553 340 mercenorum
572 291 597 338 e.
616 291 649 340 o.
668 291 707 340 M.
725 291 857 343 canule
957 278 960 286 '

416 370 546 419 Αιιιιι
563 371 644 420 oon.
701 404 707 417 .

375 468 414 531 (ιι.
429 470 467 518 14.
501 481 567 522 au.
580 481 602 518 o.
618 469 684 532 toa)

104 549 141 601 M.
157 548 251 616 Fabio,
263 548 323 603 riro
335 548 439 617 optime
454 551 485 600 et
498 547 609 602 bomine
622 548 789 617 doctissimo,
797 551 954 610 ‚familiaris-

104 629 172 680 sime
187 629 253 680 utor
270 624 439 693 mirificeque
451 640 514 677 eum
532 624 625 692 diligo,
644 642 729 693 quum
745 631 861 696 propter
881 645 953 684 sum-

104 718 179 754 mum
190 701 329 769 ingenium
338 699 398 768 ejus
410 716 598 768 summamque
607 700 759 755 doctrinam
769 706 828 756 tum
840 708 954 772 propter

104 777 270 844 singularem
284 776 456 833 modestiam.
493 776 562 846 Ejus
575 777 716 846 negotium
728 777 767 831 sie
778 779 859 832 velim
873 780 955 834 susei-

104 853 163 923 pias
172 853 240 908 utsi
251 857 325 908 esset
337 868 382 912 ros
391 870 458 907 mea.
483 852 509 905 N
511 853 555 906 ovi
567 869 618 920 ego
627 869 675 906 vos
684 869 797 921 magnos
809 856 952 923 patronos:

104 929 240 984 hominem
252 929 359 983 oeeidat
370 933 479 999 oportet
491 929 538 998 qui
550 932 644 983 vestra
654 945 738 998 opera
748 930 791 983 uti
802 931 886 996 relit;
904 931 955 984 sod

105 1006 134 1058 in
158 1006 209 1059 hoe
233 1005 342 1060 homine
361 1006 464 1059 nullam
482 1005 585 1074 aoeipio
609 1005 819 1060 exeusationem.
856 1006 956 1059 Omnia

105 1081 244 1151 relinques
263 1082 286 1135 si
305 1098 350 1136 me
371 1082 484 1147 amabis,
502 1097 589 1150 quum
611 1084 661 1134 tua
673 1097 767 1150 -opora
791 1080 893 1136 Fabius
913 1081 955 1135 uti

105 1158 185 1212 volet
223 1159 281 1227 Ego
293 1175 338 1212 res
355 1157 684 1222 Romuuasvehementor
697 1161 827 1226 exspecto
841 1161 871 1211 et
884 1157 955 1230 desi-

106 1234 188 1300 dero;
205 1234 234 1288 in
246 1235 395 1305 primisque
407 1234 476 1303 qnid
487 1250 553 1302 agas
565 1234 635 1288 scire
646 1232 734 1302 cupio.
765 1233 791 1287 N
793 1249 837 1287 nm
845 1233 956 1302 jamdiu

105 1314 220 1379 propter
238 1311 335 1365 hlemis
354 1310 573 1379 magnitudinem
591 1307 659 1363 nihil
678 1308 741 1363 nevi
762 1307 799 1362 ad
821 1324 871 1362 nos
891 1307 955 1362 alie-

106 1386 227 1443 rebatur.

339 1505 378 1552 34.
414 1502 541 1551 CICERO
559 1501 679 1550 CASSIO
696 1501 720 1548 S.

383 1602 443 1664 (ιιι.
457 1603 479 1650 6.
514 1614 540 1648 a.
554 1613 579 1648 u.
592 1613 614 1648 o.
628 1599 696 1662 711.)
743 1597 747 1608 '

107 1684 160 1749 Qui
181 1686 271 1739 status
290 1698 384 1738 rerum
402 1681 487 1736 luerit
505 1683 566 1735 turn
585 1697 669 1749 quum
688 1680 738 1735 has
762 1677 858 1735 literas
882 1678 957 1748 dedi,

106 1762 176 1813 seire
192 1759 296 1829 poteris
308 1777 343 1815 ex
356 1760 385 1813 C.
399 1757 477 1813 'lidie
490 1756 633 1823 Strabone,
646 1758 705 1810 viro
720 1756 792 1811 bono
809 1760 839 1811 et
852 1756 957 1825 optime

107 1837 143 1889 de
157 1852 188 1889 re
205 1835 314 1905 publica
330 1834 485 1900 sentiente;
508 1849 572 1886 nam
588 1832 655 1901 quid
673 1832 762 1886 dicam
780 1831 957 1901 cupidissimo

108 1912 156 1979 tui,
169 1912 216 1980 qui
228 1911 310 1964 domo
322 1914 351 1964 et
362 1911 477 1964 iortmris
490 1908 593 1962 relictis
607 1908 643 1961 ad
658 1911 688 1962 te
702 1906 878 1977 potissimum
894 1924 958 1979 pro-

107 1990 195 2042 fectus
212 1987 268 2041 siti
305 1986 405 2054 ltaque
428 2002 490 2039 enm
514 1983 567 2038 tibi
590 2000 624 2037 ne
648 1984 809 2039 commendo
829 1985 957 2054 quidem:

107 2065 241 2119 adventus
253 2063 338 2132 ipsius
350 2061 386 2114 ad
397 2066 426 2114 te
439 2059 506 2113 satis
518 2076 580 2112 eum
589 2059 798 2115 eommondabit.
823 2062 865 2116 Tu
875 2061 958 2116 velim

107 2142 147 2195 sie
159 2141 299 2195 existimes
310 2138 417 2206 tibique
427 2135 595 2205 persuadeas
608 2152 688 2190 omne
700 2137 858 2205 perfugium
875 2137 959 2191 beno-

108 2235 169 2271 rum
182 2217 212 2271 in
224 2220 293 2271 teet
305 2216 394 2269 Bruto
409 2226 471 2266 esse
484 2214 614 2283 positum,
626 2212 650 2266 si
662 2212 737 2281 quod
749 2213 833 2266 nolim
849 2212 959 2267 advorsi

108 2294 176 2363 quid
194 2293 322 2349 evenerit.
356 2291 414 2345 Res
432 2306 518 2360 quum
536 2290 604 2343 haee
622 2288 775 2342 scribebam
792 2292 853 2343 erat
867 2286 896 2341 in
912 2286 958 2341 ox*-

108 2376 226 2425 tremum
243 2369 364 2424 adducta
379 2368 533 2422 discrimen.
571 2364 675 2418 Brutus
690 2364 761 2417 enim
776 2364 900 2419 Mutinae
912 2364 959 2419 rix

103 2447 164 2516 jam
176 2447 336 2502 sustinebat.
372 2444 424 2509 Qui
438 2444 462 2498 si
473 2444 648 2497 conservatus
660 2441 722 2506 ortt,
735 2441 863 2495 vicimus:
882 2440 960 2493 sin—-

108 2524 183 2592 quod
202 2523 241 2576 dii
257 2539 338 2576 omen
353 2523 487 2587 auertant,
502 2519 590 2573 omnis
610 2517 729 2570 omnium
748 2532 845 2570 cursus
863 2520 906 2571 est
923 2516 961 2570 nd

108 2616 162 2653 vos.
199 2598 319 2652 Proinde
336 2598 379 2651 fao
396 2597 517 2650 animum
540 2597 649 2649 tantum
670 2591 773 2645 habeas
794 2596 960 2660 tantumque

108 2678 269 2745 apparatum
283 2676 386 2743 quanto
397 2689 466 2741 opus
482 2673 525 2726 est
536 2671 574 2725 ad
585 2669 739 2723 universam
752 2684 810 2723 rem
821 2668 960 2737 publicam

109 2750 321 2821 reciperandam.
359 2748 435 2800 Vale.

346 2881 384 2924 35.
415 2876 542 2925 CICERO
560 2876 678 2925 CASSIO
695 2877 720 2925 S.

377 2976 436 3034 (ιιι.
455 2975 478 3022 9.
512 2985 539 3021 ιι
553 2984 579 3021 o.
593 2983 616 3020 o.
629 2970 695 3043 ill.)
746 2984 750 2989 ·

111 3055 237 3109 Brevitas
245 3059 355 3109 tuarum
362 3054 506 3107 literarum
517 3069 562 3109 me
575 3069 685 3122 quoque
693 3050 847 3104 breviorem
858 3047 888 3102 in
896 3046 964 3103 sori-

112 3131 201 3184 bendo
218 3131 299 3196 iaeit3
323 3134 352 3185 et
366 3146 431 3185 vere
444 3133 478 3185 ut
491 3130 589 3192 diuam,
606 3145 659 3181 non
674 3126 741 3180 satis
756 3124 877 3180 ooourrit
895 3122 965 3192 qnid

109 3207 235 3261 scribom
271 3207 388 3261 Nostrae
402 3206 475 3261 onim
486 3222 532 3259 res
546 3207 573 3256 in
586 3203 655 3257 notis
666 3201 782 3270 perlerri
794 3199 833 3255 ad
842 3203 873 3253 to
884 3210 965 3252 certo
