2200 3450
332 180 587 229 EPISTOLARUM
606 179 708 227 LIBRI
725 177 809 228 DUO.
916 226 923 240 .
968 181 995 224 ιι

145 281 227 334 quam
239 273 299 316 snm
312 265 442 329 expertus
454 259 652 313 invaletudine
664 275 794 313 meorum.
819 255 853 312 In
865 271 921 326 qua
932 257 998 310 milri

146 366 150 389 ι
155 357 230 409 Auum
238 340 298 406 ipsa
308 337 429 404 scientis,
440 341 500 391 tum
509 337 594 390 etiam
605 336 740 389 fidelitate
752 334 998 402 benevolentiaque

144 416 284 470 satisfecit.
303 415 385 467 Hunc
394 414 480 481 igitur
489 413 541 466 tibi
549 413 718 483 commende,
727 417 756 465 et
769 429 785 465 a
797 415 826 466 tc
834 415 900 480 peto
909 416 941 465 ut
949 411 998 464 des

145 509 255 562 operam
275 495 307 546 ut
325 490 462 558 intelligat
484 487 633 556 diligenter
651 505 695 542 ure
715 488 856 558 scripsisse
877 487 912 542 de
929 502 997 553 sese,

144 586 288 638 meamque
300 566 563 622 commendationem
572 565 634 618 usui
646 581 744 632 magno
757 564 809 618 sibi
818 564 909 618 fuisse.
935 564 996 618 Erit

145 645 176 699 id
187 644 254 699 mihi
266 645 444 698 vehementer
455 644 574 709 gratum.

382 740 420 785 20.
450 735 578 784 CICERO
595 733 725 782 SERVIO
743 734 767 782 S.

395 818 465 879 (xm.
485 820 522 866 25.
560 830 585 865 ι.
599 829 623 865 ιι.
637 829 659 865 c.
679 817 746 873 708.)

130 889 333 958 ‘Hagesaretus
350 889 509 943 Larissaeus
525 887 632 956 magnis
649 887 717 941 mois
732 887 873 942 boneficiis
885 893 998 943 ornatus

144 967 172 1020 iu
190 967 332 1021 consulatu
349 981 410 1020 meo
429 981 534 1018 memor
554 968 582 1018 et
601 968 696 1032 gratus
714 964 775 1032 fuit,
786 981 886 1034 meque
901 970 997 1034 postea

145 1042 354 1110 diligentissime
366 1041 456 1095 coluit.
482 1040 553 1094 Eum
566 1041 618 1094 tibi
630 1057 729 1108 magno
741 1057 823 1109 opere
836 1043 997 1096 commendo

145 1124 176 1173 ut
188 1123 217 1172 et
228 1119 364 1188 hospitem
377 1134 468 1170 meum
480 1120 510 1170 et
521 1116 682 1170 familiarem
695 1121 724 1171 ct
736 1121 845 1185 gratnm
858 1118 996 1173 hominem

145 1196 273 1258 otvirnm
286 1196 387 1248 bonum
399 1198 429 1248 et
440 1193 590 1262 principem
603 1193 685 1246 civita
686 1194 722 1246 tis
731 1210 796 1247 suae
808 1197 838 1247 et
846 1197 896 1248 tna
904 1213 997 1250 neccs-

145 1275 181 1324 srt
160 1272 265 1325 'tudine
283 1271 480 1359 dignissimum.
517 1269 681 1336 Pergratum
699 1269 765 1321 mihi
784 1269 890 1337 feceris,
908 1272 931 1324 si
950 1272 996 1326 de

92 1357 95 1363 '
145 1348 219 1401 deris
235 1364 345 1416 operam
362 1347 434 1400 ntis
452 1345 559 1411 intellig
561 1349 590 1398 at
603 1345 671 1396 lianc
683 1361 773 1398 meam
785 1346 965 1400 commendat
945 1351 997 1400 t1o

139 1435 207 1476 ncm
219 1440 348 1491 magnum
360 1422 434 1491 apud
446 1425 476 1474 to
487 1421 595 1489 pondus
607 1419 742 1474 habuisse.

369 1535 409 1581 ‘.’l.
440 1531 567 1580 CICERO
585 1529 739 1578 MEMMIO
759 1529 783 1578 S

395 1615 478 1676 ιιιιιι.
491 1615 513 1662 3.
550 1616 576 1662 Α.
590 1626 615 1661 u.
628 1624 649 1660 c.
669 1609 736 1672 704.)

146 1690 181 1743 A.
205 1686 313 1741 Fufium
337 1701 422 1739 ιιιιιιιιι
445 1702 480 1739 on
504 1684 573 1739 mois
596 1682 706 1749 intimis,
727 1680 995 1739 observantissimum

144 1763 428 1831 studiosissimumque
439 1762 534 1829 nostri,
547 1760 688 1815 cruditum
700 1758 837 1813 hominem
849 1763 878 1813 et
891 1775 997 1815 summu

144 1840 320 1903 lmmanitatc‚
332 1844 435 1907 tuaque
448 1838 569 1893 amicitia
580 1836 777 1905 dignissimum,
787 1835 868 1889 velim
879 1836 918 1888 ita
928 1839 997 1890 trac·

144 1921 187 1969 tes
203 1920 235 1970 ut
251 1916 318 1969 milri
334 1932 425 1968 eoram
439 1916 576 1983 recepisti.
614 1914 680 1965 Tam
696 1915 806 1980 gratum
822 1910 888 1964 milri
901 1911 930 1964 id
942 1913 994 1967 erit

144 2008 226 2060 qumu
257 1992 330 2061 qnod
359 1991 554 2059 gratissimum.
593 1990 687 2061 Ipsum
717 1992 861 2056 praeterea
890 2005 996 2041 summe

144 2069 231 2123 officio
244 2072 273 2123 et
284 2084 391 2121 summa
402 2067 576 2121 observantia
590 2066 642 2119 tibi
661 2066 689 2117 in
704 2069 869 2134 perpetuum
884 2064 996 2118 devinx-

143 2162 205 2199 erm

357 2231 396 2277 22.
426 2227 555 2276 CICERO
572 2225 787 2275 CORNIFICIO.

401 2313 511 2371 (11121.
546 2323 573 2357 a
585 2320 646 2356 n..c
666 2307 733 2368 710.)

143 2386 173 2441 C.
186 2383 308 2450 Anicius,
319 2380 460 2435 tnmiliaris
475 2395 561 2447 meus,
573 2378 616 2431 vir
634 2376 758 2431 omnibns
775 2377 859 2431 rebus
876 2384 955 2434 ornat
956 2399 995 2449 us,

143 2460 314 2530 negotiorum
332 2473 442 2510 suorum
460 2471 543 2509 causa
559 2454 668 2521 legatus
686 2454 753 2507 est'
746 2470 774 2507 m
788 2454 910 2508 Africam
922 2456 995 2524 lega-

143 2540 217 2591 trono
226 2534 320 2588 hberu
342 2532 412 2585 Eum
422 2532 503 2585 velim
513 2530 730 2584 rebusomnrbns
740 2529 862 2597 adjuves,
872 2548 995 2600 operam

142 2630 196 2701 que
212 2612 262 2665 des
279 2615 311 2665 ut
328 2626 410 2679 quam
428 2606 645 2662 commodissime
663 2621 712 2660 sua
729 2606 839 2674 negotia
856 2609 995 2676 conficiat;

142 2691 170 2743 in
189 2688 346 2758 primisque,
360 2684 476 2754 quod
452 2701 478 2738 e1
496 2684 667 2739 carissimum
686 2687 728 2737 est
729 2676 916 2752 ,dignitatem
935 2686 995 2755 ejus

142 2766 193 2819 tibi
205 2763 379 2818 commendo:
397 2762 482 2833 idque
493 2780 510 2817 a
521 2768 551 2817 te
563 2767 628 2833 peto
645 2762 743 2831 quod'
736 2777 795 2828 rpse
811 2761 839 2813 in
856 2762 996 2830 provincia

142 2842 232 2895 facere
246 2856 307 2894 sum
319 2840 415 2894 solitus
427 2859 482 2894 uon
498 2844 620 2909 rogatus,
633 2845 665 2892 nt
680 2838 811 2893 omnibus
823 2839 995 2897 senatoribus

141 2918 252 2972 lictores
264 2916 373 2983 darem;
386 2918 459 2985 quod
472 2918 546 2970 idem
559 2934 717 2985 acceperam
730 2919 760 2969 et
771 2916 801 2969 id
814 2931 995 2983 cognoveram

142 2992 290 3048 nsnmmis
306 2992 373 3045 viris
391 2992 558 3047 factitatum.
596 2994 656 3045 Hoc
680 2993 772 3060 igitur,
796 2991 834 3043 mi
859 2990 994 3057 Cornifici,

143 3068 239 3123 iacies:
257 3069 411 3137 ceterisque
428 3069 510 3123 rebus
526 3069 653 3123 omnibus
672 3069 732 3134 ejus
749 3068 877 3136 dignitati
889 3066 993 3135 reique,

143 3146 167 3200 si
182 3161 226 3197 me
239 3158 321 3212 auras,
338 3145 469 3199 consules.
505 3146 566 3199 Erit
587 3144 617 3199 id
636 3145 702 3199 milri
722 3144 915 3211 gratissimum.
951 3142 1018 3193 Da·

143 3237 252 3292 operam
265 3225 297 3275 nt
308 3220 406 3275 valeas.
