2200 3450
368 165 534 215 LAELIUS.
570 167 648 215 GAP.
668 167 701 215 V.
720 167 769 214 VI.
960 169 991 213 85

139 248 201 318 ipsa
211 247 334 318 peperit;
352 247 402 300 sed
413 263 446 300 ea
456 263 511 299 non
523 246 590 300 satis
601 245 685 300 habet
697 246 842 300 firmitatis.
865 246 992 314 Namque

141 325 194 379 hoc
209 327 333 393 praestat
356 323 476 376 amicitia
491 322 690 391 propinquitati
702 323 776 390 quod
787 339 822 376 ex
834 322 989 392 propinqui-

140 404 201 453 tate
223 398 414 452 benevolentia
430 397 490 450 tolli
509 400 609 466 potest,
627 414 662 451 ex
681 397 800 451 amicitia
818 414 872 451 uon
883 400 991 466 potest:

141 474 249 529 sublata
274 474 346 527 enim
371 472 559 526 benevolentia
588 472 723 525 amicitiae
752 489 850 526 nomen
879 474 992 537 tollitur,

141 549 354 619 propinquitatis
365 551 467 602 manet.
503 554 543 601 20.
574 548 682 612 Quanta
693 551 786 610 autem
798 549 838 601 vis
857 549 992 602 amicitiae
1011 593 1015 598 ,

142 627 180 680 sit
189 643 224 680 ex
235 626 286 679 hoc
298 624 414 693 intelligi
421 624 539 678 maxime
550 626 651 694 potest,
659 624 734 692 quod
745 640 781 677 ex
791 623 899 677 infinita
910 624 993 677 socie·

142 705 204 756 tate
214 702 322 769 generis
339 701 459 768 humani,
477 715 560 769 quam
578 699 732 753 conciliavit
750 699 810 768 ipsa
829 703 934 765 natura,
952 701 993 753 ita

142 779 334 830 contracturos
344 779 388 830 est
399 779 428 830 et
437 775 557 829 adducta
566 776 594 827 in
604 778 748 843 augustum
758 778 790 829 ut
799 774 887 828 omnis
894 774 994 828 caritas

143 857 193 906 aut
204 853 277 906 inter
290 851 343 904 duo
355 854 403 926 aut
414 852 488 904 inter
499 867 600 920 paucos
607 850 779 918 jungeretur.

195 928 246 981 VI.
283 927 333 981 nst
354 930 444 980 autem
470 926 590 980 amicitia
613 926 680 979 nihil
704 927 778 980 aliud
798 928 850 980 nisi
874 929 993 982 omnium

142 1003 295 1066 divinarum
314 1003 548 1072 humauxumque
568 1019 659 1055 rerum
678 1019 740 1056 cum
758 1003 948 1057 benevolentia
964 1008 994 1056 ot

141 1083 257 1134 caritate
276 1097 382 1134 summa
405 1080 558 1141 censensi03
585 1096 639 1147 qua
663 1079 775 1148 quidem
794 1078 869 1132 haud
886 1080 942 1133 scio
959 1096 994 1132 an

142 1160 258 1226 excepta
270 1155 403 1224 sapientia
414 1155 480 1208 nihil
498 1156 595 1208 melius
612 1155 715 1208 homini
735 1156 799 1209 sita
815 1155 868 1208 diis
886 1155 994 1207 immor-

142 1233 244 1286 talibus
268 1233 371 1286 datum.
418 1231 535 1286 Divitias
560 1231 607 1285 alii
631 1235 807 1300 praeponunt,
832 1230 931 1284 bonam
948 1231 994 1284 alii

142 1308 334 1376 valetudinem,
354 1309 401 1362 alii
421 1307 581 1377 potentiam,
602 1301 648 1360 alii
666 1307 791 1374 honores,
813 1307 893 1359 multi
910 1307 994 1360 etiam

142 1385 304 1453 voluptates.
341 1383 487 1437 Beluarum
499 1383 556 1436 hoc·
562 1383 673 1452 quidem
685 1387 839 1436 extremum
852 1384 930 1448 [est]:
948 1382 995 1436 illa

144 1463 237 1513 autem
259 1460 398 1529 superiora
417 1460 519 1513 caduca
539 1463 570 1512 et
587 1459 699 1525 incerta,
717 1459 807 1527 posita
820 1474 874 1511 non
892 1458 995 1512 tamin

143 1536 261 1590 consiliis
272 1535 372 1589 nostris
385 1553 466 1604 quam
478 1536 506 1588 in
518 1535 644 1588 fortunae
655 1535 819 1587 temeritato.
838 1534 890 1598 Qui
902 1538 995 1587 autem

145 1613 175 1666 in
195 1613 298 1666 virtute
316 1627 450 1665 summum
468 1611 571 1664 bonum
588 1614 700 1679 ponunt,
720 1612 858 1679 praeclare
877 1611 916 1663 illi
936 1611 995 1679 qui-

144 1688 224 1753 dem3
242 1688 292 1742 scd
303 1688 370 1741 haee
382 1688 442 1757 ipsa
453 1687 541 1741 virtus
554 1687 703 1742 amicitiam
718 1691 748 1741 et
764 1687 852 1755 gignit
864 1691 893 1741 ct
910 1687 995 1741 conti

143 1769 202 1831 net,
223 1782 274 1819 nec
294 1766 352 1818 sine
371 1766 474 1818 virtuto
497 1764 616 1818 amicitia
640 1781 700 1817 esse
723 1763 778 1817 ullo
799 1768 879 1832 pacto
896 1767 995 1833 potest.

145 1848 187 1895 21.
210 1842 228 1894 J
231 1858 274 1894 am
293 1841 424 1894 virtutem
444 1858 478 1894 ex
498 1840 694 1895 consuetudine
714 1840 787 1893 vitae
810 1842 996 1909 sermonisque

143 1916 230 1969 nostri
238 1917 456 1985 interpretemur,
465 1934 515 1970 noc
524 1933 593 1983 eam,
600 1920 632 1970 ut
642 1916 753 1984 quidam
763 1917 845 1984 docti,
852 1917 996 1970 verborum

143 1992 344 2059 magnificentia
350 1994 509 2057 metiamur3
521 1993 648 2061 virosque
655 1993 740 2046 bonos
748 2010 794 2045 eos
804 1995 850 2061 qui
859 1994 997 2047 habentur
1022 2001 1026 2009 ’

143 2084 324 2137 numeremus,
337 2062 452 2137 Paullos,
469 2070 593 2135 Catones,
611 2070 711 2137 Gallos,
729 2069 874 2138 Scipiones,
888 2071 995 2124 Philos:

143 2142 188 2197 his
196 2140 409 2199 communisvita
417 2148 545 2199 contenta
554 2148 613 2199 est:
626 2161 673 2197 eos
681 2149 773 2198 autem
783 2146 940 2199 omittamus
949 2146 997 2214 qui

144 2220 253 2273 omnino
268 2237 402 2289 nusquam
421 2222 602 2289 reperiuntur.
637 2220 716 2273 Tales
732 2221 816 2288 igitur
834 2221 907 2274 iuter
924 2222 998 2275 viros

144 2296 264 2349 amicitia
280 2300 371 2349 tantas
387 2296 608 2365 opportunitates
623 2295 709 2349 habet
728 2299 844 2363 quantas
863 2298 908 2349 vix
927 2314 998 2364 queo

145 2371 244 2427 dicere.
279 2377 321 2425 22.
339 2372 483 2440 Principio,
495 2372 543 2441 qui
555 2374 720 2440 potestesse
739 2372 795 2424 vita
804 2372 902 2437 vitalis,
913 2378 946 2426 ut
957 2374 998 2426 ait

145 2446 258 2514 Ennius,
270 2463 341 2514 quoe
352 2463 407 2499 nou
418 2447 446 2499 in
458 2448 537 2501 amici
549 2450 646 2500 mutua
656 2446 848 2501 benevolentia
860 2450 998 2517 conquies-

144 2524 209 2577 oatl
233 2538 236 2543 ·
247 2521 319 2587 Quid
330 2521 436 2575 dulcius
447 2540 530 2591 quam
541 2522 644 2576 habere
661 2524 771 2591 quicum
787 2525 877 2577 omnia
895 2525 998 2579 audeas

145 2599 185 2653 sic
199 2598 274 2666 loqui
286 2600 320 2651 ut
334 2600 446 2653 tmuml
482 2598 549 2664 Quis
568 2602 641 2653 esset
658 2602 752 2653 tantus
769 2599 875 2655 fructus
893 2601 921 2654 in
936 2618 998 2670 pro

145 2673 232 2743 speris
249 2673 340 2741 rebus,
357 2674 411 2728 nisi
433 2673 549 2729 haberes
572 2676 620 2744 qui
642 2675 697 2729 illis
719 2692 807 2744 aeque
829 2693 862 2731 ae
884 2680 916 2730 tu
938 2679 998 2747 ipse

144 2750 295 2819 gauderet?
331 2750 472 2805 Adversas
488 2768 554 2805 vero
575 2752 647 2806 ferre
668 2752 777 2806 difficile
797 2754 941 2807 essetsine
965 2770 999 2808 eo

145 2826 193 2895 qui
205 2826 264 2879 illas
273 2827 383 2895 gravius
395 2828 479 2881 etiam
489 2844 572 2895 quam
581 2830 613 2882 tu
625 2828 717 2882 ferret.
754 2828 880 2897 Denique
890 2833 999 2883 ceterae

144 2918 190 2955 res
214 2920 283 2970 quae
304 2907 472 2971 expetuntur
490 2906 660 2971 opportunae
683 2908 747 2958 suut
771 2904 893 2973 singulae
916 2905 1000 2960 rebus

143 2978 202 3031 fere
216 2978 330 3047 singulis
342 3000 347 3042 ;
360 2980 472 3033 divitiae
485 2983 517 3032 ut
528 2983 607 3033 utare
619 2994 701 3047 3‘0pes
712 2984 746 3033 ut
762 2980 870 3045 colare;
884 2980 999 3034 honores

144 3055 177 3107 ut
188 3052 300 3107 lau'dere
311 3076 317 3119 ;
329 3056 483 3123 voluptates
499 3059 532 3107 ut
549 3056 688 3122 gaudeam
705 3056 833 3109 valetudo
853 3058 885 3107 ut
906 3056 1000 3109 dolore

145 3144 238 3182 careas
261 3134 290 3183 et
313 3131 473 3184 muneribus
501 3131 615 3195 fungare
643 3132 779 3199 eorporis:
806 3130 926 3198 amicitia
953 3146 999 3184 res

145 3202 277 3272 plurimas
297 3205 426 3259 eontinet.
472 3205 587 3275 Quoquo
610 3208 640 3259 te
659 3206 776 3259 verteris
803 3206 914 3273 praesto
936 3206 999 3261 est:
