<?xml version="1.0" encoding="UTF-8"?>
<!DOCTYPE html PUBLIC "-//W3C//DTD XHTML 1.0 Transitional//EN"
    "http://www.w3.org/TR/xhtml1/DTD/xhtml1-transitional.dtd">
<html xmlns="http://www.w3.org/1999/xhtml" xml:lang="en" lang="en">
 <head>
  <title>
</title>
<meta http-equiv="Content-Type" content="text/html;charset=utf-8" />
  <meta name='ocr-system' content='tesseract 3.04.00' />
  <meta name='ocr-capabilities' content='ocr_page ocr_carea ocr_par ocr_line ocrx_word'/>
</head>
<body>
  <div class='ocr_page' id='page_1' title='image "./catomajorsivede00longgoog_0085.png"; bbox 0 0 2200 3450; ppageno 0'>
   <div class='ocr_carea' id='block_1_1' title="bbox 277 122 989 217">
    <p class='ocr_par' dir='ltr' id='par_1_1' title="bbox 277 122 989 217">
     <span class='ocr_line' id='line_1_1' title="bbox 277 122 989 217; baseline 0.007 -5"><span class='ocrx_word' id='word_1_1' title='bbox 277 122 284 136; x_wconf 41' lang='grc' dir='ltr'><strong><em>Ι</em></strong></span> <span class='ocrx_word' id='word_1_2' title='bbox 324 164 584 215; x_wconf 81' lang='lat' dir='ltr'>EPISTOLARUM</span> <span class='ocrx_word' id='word_1_3' title='bbox 602 164 705 213; x_wconf 81' lang='lat' dir='ltr'><strong>LIBRI</strong></span> <span class='ocrx_word' id='word_1_4' title='bbox 723 163 807 214; x_wconf 91' lang='lat' dir='ltr'>DUO.</span> <span class='ocrx_word' id='word_1_5' title='bbox 957 167 989 217; x_wconf 82' lang='lat'>77</span> 
     </span>
    </p>
   </div>
   <div class='ocr_carea' id='block_1_2' title="bbox 138 244 990 452">
    <p class='ocr_par' dir='ltr' id='par_1_2' title="bbox 138 244 990 452">
     <span class='ocr_line' id='line_1_2' title="bbox 139 244 987 314; baseline -0.002 -16"><span class='ocrx_word' id='word_1_6' title='bbox 139 248 206 300; x_wconf 85' lang='lat' dir='ltr'>certi</span> <span class='ocrx_word' id='word_1_7' title='bbox 227 246 366 299; x_wconf 83' lang='lat' dir='ltr'>babemus</span> <span class='ocrx_word' id='word_1_8' title='bbox 404 246 433 300; x_wconf 95' lang='lat' dir='ltr'>Si</span> <span class='ocrx_word' id='word_1_9' title='bbox 457 246 526 314; x_wconf 91' lang='lat' dir='ltr'>quid</span> <span class='ocrx_word' id='word_1_10' title='bbox 549 245 604 299; x_wconf 89' lang='lat' dir='ltr'>erit</span> <span class='ocrx_word' id='word_1_11' title='bbox 624 244 700 312; x_wconf 89' lang='lat' dir='ltr'>certi,</span> <span class='ocrx_word' id='word_1_12' title='bbox 719 245 817 299; x_wconf 86' lang='lat' dir='ltr'>faciam</span> <span class='ocrx_word' id='word_1_13' title='bbox 841 247 871 298; x_wconf 89' lang='lat' dir='ltr'>te</span> <span class='ocrx_word' id='word_1_14' title='bbox 895 244 987 298; x_wconf 88' lang='lat' dir='ltr'>statim</span> 
     </span>
     <span class='ocr_line' id='line_1_3' title="bbox 138 320 990 376; baseline -0.005 0"><span class='ocrx_word' id='word_1_15' title='bbox 138 321 290 376; x_wconf 78' lang='lat' dir='ltr'>certiorem.</span> <span class='ocrx_word' id='word_1_16' title='bbox 311 321 526 375; x_wconf 85' lang='lat' dir='ltr'>Valetudinem</span> <span class='ocrx_word' id='word_1_17' title='bbox 552 326 629 375; x_wconf 90' lang='lat' dir='ltr'>tuam</span> <span class='ocrx_word' id='word_1_18' title='bbox 653 321 696 374; x_wconf 85' lang='lat' dir='ltr'>sac</span> <span class='ocrx_word' id='word_1_19' title='bbox 718 324 750 374; x_wconf 92' lang='lat' dir='ltr'>ut</span> <span class='ocrx_word' id='word_1_20' title='bbox 773 337 858 374; x_wconf 78' lang='lat' dir='ltr'>curce.</span> <span class='ocrx_word' id='word_1_21' title='bbox 914 320 990 372; x_wconf 86' lang='lat' dir='ltr'>Vale.</span> 
     </span>
     <span class='ocr_line' id='line_1_4' title="bbox 139 397 402 452; baseline -0.008 0"><span class='ocrx_word' id='word_1_22' title='bbox 139 413 180 452; x_wconf 90' lang='lat'>111.</span> <span class='ocrx_word' id='word_1_23' title='bbox 195 397 264 451; x_wconf 88' lang='lat' dir='ltr'>Idus</span> <span class='ocrx_word' id='word_1_24' title='bbox 276 398 402 452; x_wconf 73' lang='lat' dir='ltr'>Sextiles.</span> 
     </span>
    </p>
   </div>
   <div class='ocr_carea' id='block_1_3' title="bbox 235 505 872 663">
    <p class='ocr_par' dir='ltr' id='par_1_3' title="bbox 235 505 872 663">
     <span class='ocr_line' id='line_1_5' title="bbox 235 505 872 558; baseline 0 -2"><span class='ocrx_word' id='word_1_25' title='bbox 235 510 258 556; x_wconf 87' lang='grc'>8.</span> <span class='ocrx_word' id='word_1_26' title='bbox 293 507 451 558; x_wconf 85' lang='lat' dir='ltr'>TULLIUS</span> <span class='ocrx_word' id='word_1_27' title='bbox 467 505 674 554; x_wconf 85' lang='lat' dir='ltr'><strong>TERENTIAE</strong></span> <span class='ocrx_word' id='word_1_28' title='bbox 691 507 784 555; x_wconf 84' lang='lat' dir='ltr'>SUAE</span> <span class='ocrx_word' id='word_1_29' title='bbox 802 508 872 557; x_wconf 85' lang='lat' dir='ltr'>SD.</span> 
     </span>
     <span class='ocr_line' id='line_1_6' title="bbox 309 564 734 663; baseline 0.009 -14"><span class='ocrx_word' id='word_1_30' title='bbox 309 564 314 575; x_wconf 32' lang='grc' dir='ltr'>Ι</span> <span class='ocrx_word' id='word_1_31' title='bbox 395 604 514 663; x_wconf 65' lang='lat' dir='ltr'>(mult.</span> <span class='ocrx_word' id='word_1_32' title='bbox 550 614 649 650; x_wconf 69' lang='lat' dir='ltr'>aua</span> <span class='ocrx_word' id='word_1_33' title='bbox 669 604 734 662; x_wconf 78' lang='grc'><strong>707.)</strong></span> 
     </span>
    </p>
   </div>
   <div class='ocr_carea' id='block_1_4' title="bbox 62 685 990 755">
    <p class='ocr_par' dir='ltr' id='par_1_4' title="bbox 62 685 990 755">
     <span class='ocr_line' id='line_1_7' title="bbox 62 685 990 755; baseline 0 -11"><span class='ocrx_word' id='word_1_34' title='bbox 62 685 66 690; x_wconf 78' lang='grc'><em>’</em></span> <span class='ocrx_word' id='word_1_35' title='bbox 138 706 331 755; x_wconf 78' lang='lat' dir='ltr'>s.v.13.1r.v.</span> <span class='ocrx_word' id='word_1_36' title='bbox 368 690 506 745; x_wconf 85' lang='lat' dir='ltr'>Redditac</span> <span class='ocrx_word' id='word_1_37' title='bbox 526 691 594 743; x_wconf 92' lang='lat' dir='ltr'>mihi</span> <span class='ocrx_word' id='word_1_38' title='bbox 616 691 728 744; x_wconf 81' lang='lat' dir='ltr'>tandem</span> <span class='ocrx_word' id='word_1_39' title='bbox 748 695 813 745; x_wconf 85' lang='lat' dir='ltr'>sunt</span> <span class='ocrx_word' id='word_1_40' title='bbox 833 710 851 746; x_wconf 88' lang='lat' dir='ltr'>a</span> <span class='ocrx_word' id='word_1_41' title='bbox 874 694 990 748; x_wconf 74' lang='lat' dir='ltr'>Caesare</span> 
     </span>
    </p>
   </div>
   <div class='ocr_carea' id='block_1_5' title="bbox 137 765 990 1139">
    <p class='ocr_par' dir='ltr' id='par_1_5' title="bbox 137 765 990 1139">
     <span class='ocr_line' id='line_1_8' title="bbox 137 765 990 834; baseline 0.002 -16"><span class='ocrx_word' id='word_1_42' title='bbox 137 767 234 820; x_wconf 87' lang='lat' dir='ltr'>literae</span> <span class='ocrx_word' id='word_1_43' title='bbox 246 766 314 820; x_wconf 88' lang='lat' dir='ltr'>satis</span> <span class='ocrx_word' id='word_1_44' title='bbox 326 765 471 832; x_wconf 89' lang='lat' dir='ltr'>liberales;</span> <span class='ocrx_word' id='word_1_45' title='bbox 483 770 513 819; x_wconf 91' lang='lat' dir='ltr'>et</span> <span class='ocrx_word' id='word_1_46' title='bbox 525 765 584 834; x_wconf 90' lang='lat' dir='ltr'>ipse</span> <span class='ocrx_word' id='word_1_47' title='bbox 598 767 725 834; x_wconf 91' lang='lat' dir='ltr'>opinione</span> <span class='ocrx_word' id='word_1_48' title='bbox 734 767 850 821; x_wconf 88' lang='lat' dir='ltr'>celerius</span> <span class='ocrx_word' id='word_1_49' title='bbox 859 773 990 823; x_wconf 73' lang='lat' dir='ltr'>venturus</span> 
     </span>
     <span class='ocr_line' id='line_1_9' title="bbox 137 841 989 911; baseline 0.004 -16"><span class='ocrx_word' id='word_1_50' title='bbox 137 858 197 895; x_wconf 87' lang='lat' dir='ltr'>esso</span> <span class='ocrx_word' id='word_1_51' title='bbox 214 841 321 895; x_wconf 89' lang='lat' dir='ltr'>dicitur.</span> <span class='ocrx_word' id='word_1_52' title='bbox 359 841 410 895; x_wconf 85' lang='lat' dir='ltr'>Cui</span> <span class='ocrx_word' id='word_1_53' title='bbox 426 846 520 896; x_wconf 86' lang='lat' dir='ltr'>utrum</span> <span class='ocrx_word' id='word_1_54' title='bbox 537 841 645 894; x_wconf 84' lang='lat' dir='ltr'>obviam</span> <span class='ocrx_word' id='word_1_55' title='bbox 661 842 808 911; x_wconf 85' lang='lat' dir='ltr'>procedam</span> <span class='ocrx_word' id='word_1_56' title='bbox 823 860 857 896; x_wconf 91' lang='lat' dir='ltr'>an</span> <span class='ocrx_word' id='word_1_57' title='bbox 870 844 915 898; x_wconf 92' lang='lat' dir='ltr'>hic</span> <span class='ocrx_word' id='word_1_58' title='bbox 928 861 989 898; x_wconf 90' lang='lat' dir='ltr'>eum</span> 
     </span>
     <span class='ocr_line' id='line_1_10' title="bbox 138 917 990 985; baseline 0.005 -15"><span class='ocrx_word' id='word_1_59' title='bbox 138 921 301 984; x_wconf 81' lang='lat' dir='ltr'>exspectem,</span> <span class='ocrx_word' id='word_1_60' title='bbox 315 934 398 985; x_wconf 89' lang='lat' dir='ltr'>quum</span> <span class='ocrx_word' id='word_1_61' title='bbox 411 917 587 985; x_wconf 86' lang='lat' dir='ltr'>constituero,</span> <span class='ocrx_word' id='word_1_62' title='bbox 601 918 697 971; x_wconf 81' lang='lat' dir='ltr'>faciam</span> <span class='ocrx_word' id='word_1_63' title='bbox 714 921 744 972; x_wconf 90' lang='lat' dir='ltr'>te</span> <span class='ocrx_word' id='word_1_64' title='bbox 757 920 910 974; x_wconf 87' lang='lat' dir='ltr'>certiorem.</span> <span class='ocrx_word' id='word_1_65' title='bbox 941 921 990 974; x_wconf 88' lang='lat' dir='ltr'>Ta-</span> 
     </span>
     <span class='ocr_line' id='line_1_11' title="bbox 138 992 989 1062; baseline 0.006 -17"><span class='ocrx_word' id='word_1_66' title='bbox 138 992 263 1047; x_wconf 87' lang='lat' dir='ltr'>bellarios</span> <span class='ocrx_word' id='word_1_67' title='bbox 275 993 341 1045; x_wconf 90' lang='lat' dir='ltr'>mihi</span> <span class='ocrx_word' id='word_1_68' title='bbox 354 994 434 1046; x_wconf 88' lang='lat' dir='ltr'>velim</span> <span class='ocrx_word' id='word_1_69' title='bbox 448 1011 530 1061; x_wconf 88' lang='lat' dir='ltr'>quam</span> <span class='ocrx_word' id='word_1_70' title='bbox 542 995 662 1062; x_wconf 88' lang='lat' dir='ltr'>primum</span> <span class='ocrx_word' id='word_1_71' title='bbox 674 995 807 1049; x_wconf 85' lang='lat' dir='ltr'>remittas.</span> <span class='ocrx_word' id='word_1_72' title='bbox 845 995 989 1056; x_wconf 85' lang='lat' dir='ltr'>Valetudi-</span> 
     </span>
     <span class='ocr_line' id='line_1_12' title="bbox 137 1069 987 1139; baseline 0.006 -19"><span class='ocrx_word' id='word_1_73' title='bbox 137 1072 287 1138; x_wconf 75' lang='lat' dir='ltr'>nemtuam</span> <span class='ocrx_word' id='word_1_74' title='bbox 300 1086 365 1122; x_wconf 89' lang='lat' dir='ltr'>cura</span> <span class='ocrx_word' id='word_1_75' title='bbox 378 1069 530 1136; x_wconf 80' lang='lat' dir='ltr'>diligenter.</span> <span class='ocrx_word' id='word_1_76' title='bbox 571 1069 645 1122; x_wconf 90' lang='lat' dir='ltr'>Vale.</span> <span class='ocrx_word' id='word_1_77' title='bbox 678 1069 710 1122; x_wconf 89' lang='lat' dir='ltr'>D.</span> <span class='ocrx_word' id='word_1_78' title='bbox 724 1070 815 1139; x_wconf 88' lang='lat' dir='ltr'>pridie</span> <span class='ocrx_word' id='word_1_79' title='bbox 829 1072 897 1125; x_wconf 84' lang='lat' dir='ltr'>Idus</span> <span class='ocrx_word' id='word_1_80' title='bbox 912 1072 987 1126; x_wconf 88' lang='lat' dir='ltr'>Sext.</span> 
     </span>
    </p>
   </div>
   <div class='ocr_carea' id='block_1_6' title="bbox 235 1181 884 1236">
    <p class='ocr_par' dir='ltr' id='par_1_6' title="bbox 235 1181 884 1236">
     <span class='ocr_line' id='line_1_13' title="bbox 235 1181 884 1236; baseline 0.009 -6"><span class='ocrx_word' id='word_1_81' title='bbox 235 1187 257 1230; x_wconf 88' lang='lat'>9.</span> <span class='ocrx_word' id='word_1_82' title='bbox 287 1181 446 1232; x_wconf 85' lang='lat' dir='ltr'>TULLIUS</span> <span class='ocrx_word' id='word_1_83' title='bbox 463 1184 487 1232; x_wconf 87' lang='lat' dir='ltr'>S.</span> <span class='ocrx_word' id='word_1_84' title='bbox 501 1185 535 1233; x_wconf 91' lang='lat' dir='ltr'>D.</span> <span class='ocrx_word' id='word_1_85' title='bbox 555 1185 762 1233; x_wconf 83' lang='lat' dir='ltr'><strong>TERENTIAE</strong></span> <span class='ocrx_word' id='word_1_86' title='bbox 780 1188 884 1236; x_wconf 87' lang='lat' dir='ltr'><strong>SUAE.</strong></span> 
     </span>
    </p>
   </div>
   <div class='ocr_carea' id='block_1_7' title="bbox 395 1280 731 1344">
    <p class='ocr_par' dir='ltr' id='par_1_7' title="bbox 395 1280 731 1344">
     <span class='ocr_line' id='line_1_14' title="bbox 395 1280 731 1344; baseline 0.015 -17"><span class='ocrx_word' id='word_1_87' title='bbox 395 1280 459 1344; x_wconf 84' lang='lat' dir='ltr'>(xrv.</span> <span class='ocrx_word' id='word_1_88' title='bbox 473 1283 511 1330; x_wconf 93' lang='grc'><strong>22.</strong></span> <span class='ocrx_word' id='word_1_89' title='bbox 546 1295 572 1328; x_wconf 74' lang='grc' dir='ltr'><strong>Δ.</strong></span> <span class='ocrx_word' id='word_1_90' title='bbox 586 1294 611 1330; x_wconf 90' lang='lat' dir='ltr'>u.</span> <span class='ocrx_word' id='word_1_91' title='bbox 625 1293 647 1329; x_wconf 88' lang='lat' dir='ltr'>c.</span> <span class='ocrx_word' id='word_1_92' title='bbox 662 1280 731 1343; x_wconf 86' lang='lat'>707.)</span> 
     </span>
    </p>
   </div>
   <div class='ocr_carea' id='block_1_8' title="bbox 136 1363 990 1737">
    <p class='ocr_par' dir='ltr' id='par_1_8' title="bbox 136 1363 990 1737">
     <span class='ocr_line' id='line_1_15' title="bbox 136 1363 989 1437; baseline 0.002 -17"><span class='ocrx_word' id='word_1_93' title='bbox 136 1381 157 1420; x_wconf 87' lang='lat' dir='ltr'>s.</span> <span class='ocrx_word' id='word_1_94' title='bbox 175 1384 198 1420; x_wconf 86' lang='lat' dir='ltr'>v.</span> <span class='ocrx_word' id='word_1_95' title='bbox 216 1383 243 1421; x_wconf 84' lang='lat' dir='ltr'>B.</span> <span class='ocrx_word' id='word_1_96' title='bbox 260 1383 285 1421; x_wconf 81' lang='lat' dir='ltr'>u.</span> <span class='ocrx_word' id='word_1_97' title='bbox 302 1383 327 1421; x_wconf 87' lang='lat' dir='ltr'>v.</span> <span class='ocrx_word' id='word_1_98' title='bbox 364 1366 423 1420; x_wconf 85' lang='lat' dir='ltr'>Nos</span> <span class='ocrx_word' id='word_1_99' title='bbox 439 1367 563 1434; x_wconf 86' lang='lat' dir='ltr'>quotidie</span> <span class='ocrx_word' id='word_1_100' title='bbox 579 1367 738 1420; x_wconf 86' lang='lat' dir='ltr'>tabellarios</span> <span class='ocrx_word' id='word_1_101' title='bbox 754 1363 862 1422; x_wconf 80' lang='lat' dir='ltr'>nostros</span> <span class='ocrx_word' id='word_1_102' title='bbox 878 1375 989 1437; x_wconf 73' lang='lat' dir='ltr'>exspec-</span> 
     </span>
     <span class='ocr_line' id='line_1_16' title="bbox 137 1442 989 1512; baseline 0.005 -18"><span class='ocrx_word' id='word_1_103' title='bbox 137 1445 233 1508; x_wconf 88' lang='lat' dir='ltr'>tamus,</span> <span class='ocrx_word' id='word_1_104' title='bbox 255 1442 303 1509; x_wconf 92' lang='lat' dir='ltr'>qui</span> <span class='ocrx_word' id='word_1_105' title='bbox 322 1442 345 1495; x_wconf 89' lang='lat' dir='ltr'>si</span> <span class='ocrx_word' id='word_1_106' title='bbox 364 1443 497 1506; x_wconf 71' lang='lat' dir='ltr'>venerint</span> <span class='ocrx_word' id='word_1_107' title='bbox 515 1442 632 1495; x_wconf 88' lang='lat' dir='ltr'>fortasse</span> <span class='ocrx_word' id='word_1_108' title='bbox 651 1442 752 1496; x_wconf 90' lang='lat' dir='ltr'>erimus</span> <span class='ocrx_word' id='word_1_109' title='bbox 773 1444 903 1497; x_wconf 84' lang='lat' dir='ltr'>certiores</span> <span class='ocrx_word' id='word_1_110' title='bbox 923 1445 989 1512; x_wconf 89' lang='lat' dir='ltr'>quid</span> 
     </span>
     <span class='ocr_line' id='line_1_17' title="bbox 137 1517 988 1584; baseline 0.007 -15"><span class='ocrx_word' id='word_1_111' title='bbox 137 1517 215 1570; x_wconf 87' lang='lat' dir='ltr'>nobis</span> <span class='ocrx_word' id='word_1_112' title='bbox 232 1517 386 1570; x_wconf 81' lang='lat' dir='ltr'>iaciendum</span> <span class='ocrx_word' id='word_1_113' title='bbox 405 1517 449 1583; x_wconf 81' lang='lat' dir='ltr'>sit,</span> <span class='ocrx_word' id='word_1_114' title='bbox 468 1517 656 1584; x_wconf 77' lang='lat' dir='ltr'>faciemusque</span> <span class='ocrx_word' id='word_1_115' title='bbox 673 1521 703 1570; x_wconf 90' lang='lat' dir='ltr'>te</span> <span class='ocrx_word' id='word_1_116' title='bbox 721 1518 816 1571; x_wconf 88' lang='lat' dir='ltr'>statim</span> <span class='ocrx_word' id='word_1_117' title='bbox 837 1518 988 1574; x_wconf 87' lang='lat' dir='ltr'>certiorem.</span> 
     </span>
     <span class='ocr_line' id='line_1_18' title="bbox 138 1592 990 1659; baseline 0.002 -14"><span class='ocrx_word' id='word_1_118' title='bbox 138 1592 332 1648; x_wconf 83' lang='lat' dir='ltr'>Valetudinem</span> <span class='ocrx_word' id='word_1_119' title='bbox 358 1595 435 1645; x_wconf 89' lang='lat' dir='ltr'>tuam</span> <span class='ocrx_word' id='word_1_120' title='bbox 459 1609 524 1646; x_wconf 89' lang='lat' dir='ltr'>cura</span> <span class='ocrx_word' id='word_1_121' title='bbox 547 1592 703 1659; x_wconf 88' lang='lat' dir='ltr'>diligenter.</span> <span class='ocrx_word' id='word_1_122' title='bbox 739 1593 819 1647; x_wconf 87' lang='lat' dir='ltr'>Vale.</span> <span class='ocrx_word' id='word_1_123' title='bbox 856 1593 990 1648; x_wconf 82' lang='lat' dir='ltr'>Kalendis</span> 
     </span>
     <span class='ocr_line' id='line_1_19' title="bbox 138 1668 353 1737; baseline -0.005 -15"><span class='ocrx_word' id='word_1_124' title='bbox 138 1668 353 1737; x_wconf 86' lang='lat' dir='ltr'>Septembribus.</span> 
     </span>
    </p>
   </div>
   <div class='ocr_carea' id='block_1_9' title="bbox 235 1788 885 1840">
    <p class='ocr_par' dir='ltr' id='par_1_9' title="bbox 235 1788 885 1840">
     <span class='ocr_line' id='line_1_20' title="bbox 235 1788 885 1840; baseline 0.003 -4"><span class='ocrx_word' id='word_1_125' title='bbox 235 1791 274 1836; x_wconf 88' lang='grc'>10.</span> <span class='ocrx_word' id='word_1_126' title='bbox 298 1788 458 1839; x_wconf 87' lang='lat' dir='ltr'>TULLIUS</span> <span class='ocrx_word' id='word_1_127' title='bbox 474 1790 499 1838; x_wconf 87' lang='lat' dir='ltr'>S.</span> <span class='ocrx_word' id='word_1_128' title='bbox 513 1790 545 1838; x_wconf 90' lang='lat' dir='ltr'>D.</span> <span class='ocrx_word' id='word_1_129' title='bbox 559 1790 767 1838; x_wconf 85' lang='lat' dir='ltr'><strong>TERENTIAE</strong></span> <span class='ocrx_word' id='word_1_130' title='bbox 784 1790 885 1840; x_wconf 89' lang='lat' dir='ltr'>SUAE.</span> 
     </span>
    </p>
   </div>
   <div class='ocr_carea' id='block_1_10' title="bbox 390 1887 725 1950">
    <p class='ocr_par' dir='ltr' id='par_1_10' title="bbox 390 1887 725 1950">
     <span class='ocr_line' id='line_1_21' title="bbox 390 1887 725 1950; baseline -0.003 -15"><span class='ocrx_word' id='word_1_131' title='bbox 390 1889 454 1950; x_wconf 80' lang='lat' dir='ltr'>(xiv.</span> <span class='ocrx_word' id='word_1_132' title='bbox 468 1890 507 1936; x_wconf 90' lang='grc'><strong>20.</strong></span> <span class='ocrx_word' id='word_1_133' title='bbox 541 1901 567 1935; x_wconf 77' lang='lat' dir='ltr'>s.</span> <span class='ocrx_word' id='word_1_134' title='bbox 581 1898 605 1935; x_wconf 81' lang='lat' dir='ltr'>o.</span> <span class='ocrx_word' id='word_1_135' title='bbox 619 1900 640 1935; x_wconf 88' lang='lat' dir='ltr'>e.</span> <span class='ocrx_word' id='word_1_136' title='bbox 660 1887 725 1947; x_wconf 81' lang='grc'><strong>707.)</strong></span> 
     </span>
    </p>
   </div>
   <div class='ocr_carea' id='block_1_11' title="bbox 137 1976 989 2349">
    <p class='ocr_par' dir='ltr' id='par_1_11' title="bbox 137 1976 989 2349">
     <span class='ocr_line' id='line_1_22' title="bbox 139 1976 989 2043; baseline 0.001 -13"><span class='ocrx_word' id='word_1_137' title='bbox 139 1976 172 2029; x_wconf 93' lang='lat' dir='ltr'>ln</span> <span class='ocrx_word' id='word_1_138' title='bbox 189 1976 370 2030; x_wconf 89' lang='lat' dir='ltr'>Tusculanum</span> <span class='ocrx_word' id='word_1_139' title='bbox 390 1992 440 2029; x_wconf 91' lang='lat' dir='ltr'>nos</span> <span class='ocrx_word' id='word_1_140' title='bbox 463 1978 594 2028; x_wconf 85' lang='lat' dir='ltr'>venturos</span> <span class='ocrx_word' id='word_1_141' title='bbox 614 1978 743 2043; x_wconf 86' lang='lat' dir='ltr'>putamus</span> <span class='ocrx_word' id='word_1_142' title='bbox 764 1979 812 2029; x_wconf 88' lang='lat' dir='ltr'>aut</span> <span class='ocrx_word' id='word_1_143' title='bbox 833 1976 920 2029; x_wconf 87' lang='lat' dir='ltr'>Nonis</span> <span class='ocrx_word' id='word_1_144' title='bbox 941 1980 989 2031; x_wconf 87' lang='lat' dir='ltr'>aut</span> 
     </span>
     <span class='ocr_line' id='line_1_23' title="bbox 137 2051 989 2120; baseline -0.002 -13"><span class='ocrx_word' id='word_1_145' title='bbox 137 2053 275 2120; x_wconf 87' lang='lat' dir='ltr'>postridie.</span> <span class='ocrx_word' id='word_1_146' title='bbox 313 2052 358 2105; x_wconf 92' lang='lat' dir='ltr'>lbi</span> <span class='ocrx_word' id='word_1_147' title='bbox 372 2056 405 2106; x_wconf 92' lang='lat' dir='ltr'>ut</span> <span class='ocrx_word' id='word_1_148' title='bbox 422 2051 478 2105; x_wconf 84' lang='lat' dir='ltr'>sint</span> <span class='ocrx_word' id='word_1_149' title='bbox 490 2051 582 2104; x_wconf 87' lang='lat' dir='ltr'>omnia</span> <span class='ocrx_word' id='word_1_150' title='bbox 597 2054 703 2119; x_wconf 87' lang='lat' dir='ltr'>parata.</span> <span class='ocrx_word' id='word_1_151' title='bbox 739 2051 835 2105; x_wconf 85' lang='lat' dir='ltr'>Plures</span> <span class='ocrx_word' id='word_1_152' title='bbox 853 2054 925 2105; x_wconf 88' lang='lat' dir='ltr'>onim</span> <span class='ocrx_word' id='word_1_153' title='bbox 937 2054 989 2106; x_wconf 81' lang='lat' dir='ltr'>for·</span> 
     </span>
     <span class='ocr_line' id='line_1_24' title="bbox 137 2125 988 2196; baseline -0.004 -12"><span class='ocrx_word' id='word_1_154' title='bbox 137 2135 209 2184; x_wconf 85' lang='lat' dir='ltr'>tasse</span> <span class='ocrx_word' id='word_1_155' title='bbox 225 2129 364 2183; x_wconf 87' lang='lat' dir='ltr'>nobiseum</span> <span class='ocrx_word' id='word_1_156' title='bbox 382 2131 471 2196; x_wconf 84' lang='lat' dir='ltr'>emmt,</span> <span class='ocrx_word' id='word_1_157' title='bbox 484 2132 513 2181; x_wconf 90' lang='lat' dir='ltr'>et</span> <span class='ocrx_word' id='word_1_158' title='bbox 525 2131 557 2181; x_wconf 89' lang='lat' dir='ltr'>ut</span> <span class='ocrx_word' id='word_1_159' title='bbox 571 2125 691 2181; x_wconf 87' lang='lat' dir='ltr'>arbitror</span> <span class='ocrx_word' id='word_1_160' title='bbox 707 2127 811 2181; x_wconf 90' lang='lat' dir='ltr'>diutius</span> <span class='ocrx_word' id='word_1_161' title='bbox 823 2127 860 2180; x_wconf 90' lang='lat' dir='ltr'>ibi</span> <span class='ocrx_word' id='word_1_162' title='bbox 873 2146 988 2181; x_wconf 89' lang='lat' dir='ltr'>commo·</span> 
     </span>
     <span class='ocr_line' id='line_1_25' title="bbox 137 2204 988 2271; baseline -0.002 -12"><span class='ocrx_word' id='word_1_163' title='bbox 137 2206 264 2259; x_wconf 81' lang='lat' dir='ltr'>rabimur.</span> <span class='ocrx_word' id='word_1_164' title='bbox 301 2205 468 2259; x_wconf 86' lang='lat' dir='ltr'>Labrumsi</span> <span class='ocrx_word' id='word_1_165' title='bbox 489 2204 526 2257; x_wconf 92' lang='lat' dir='ltr'>in·</span> <span class='ocrx_word' id='word_1_166' title='bbox 537 2204 646 2257; x_wconf 83' lang='lat' dir='ltr'>balineo</span> <span class='ocrx_word' id='word_1_167' title='bbox 664 2220 718 2256; x_wconf 90' lang='lat' dir='ltr'>non</span> <span class='ocrx_word' id='word_1_168' title='bbox 736 2208 787 2271; x_wconf 80' lang='lat' dir='ltr'>est,</span> <span class='ocrx_word' id='word_1_169' title='bbox 803 2207 835 2256; x_wconf 93' lang='lat' dir='ltr'>ut</span> <span class='ocrx_word' id='word_1_170' title='bbox 850 2205 904 2267; x_wconf 85' lang='lat' dir='ltr'>sit;</span> <span class='ocrx_word' id='word_1_171' title='bbox 921 2204 988 2257; x_wconf 90' lang='lat' dir='ltr'>item</span> 
     </span>
     <span class='ocr_line' id='line_1_26' title="bbox 137 2278 988 2349; baseline -0.004 -15"><span class='ocrx_word' id='word_1_172' title='bbox 137 2285 228 2334; x_wconf 87' lang='lat' dir='ltr'>cetera</span> <span class='ocrx_word' id='word_1_173' title='bbox 243 2298 313 2349; x_wconf 88' lang='lat' dir='ltr'>quae</span> <span class='ocrx_word' id='word_1_174' title='bbox 329 2281 442 2335; x_wconf 85' lang='lat' dir='ltr'>suntad</span> <span class='ocrx_word' id='word_1_175' title='bbox 460 2280 561 2333; x_wconf 90' lang='lat' dir='ltr'>vietum</span> <span class='ocrx_word' id='word_1_176' title='bbox 581 2282 610 2331; x_wconf 88' lang='lat' dir='ltr'>et</span> <span class='ocrx_word' id='word_1_177' title='bbox 628 2278 813 2332; x_wconf 78' lang='lat' dir='ltr'>valetudinem</span> <span class='ocrx_word' id='word_1_178' title='bbox 830 2280 988 2331; x_wconf 80' lang='lat' dir='ltr'>necessaria.</span> 
     </span>
    </p>
   </div>
   <div class='ocr_carea' id='block_1_12' title="bbox 141 2354 645 2413">
    <p class='ocr_par' dir='ltr' id='par_1_12' title="bbox 141 2354 645 2413">
     <span class='ocr_line' id='line_1_27' title="bbox 141 2354 645 2413; baseline -0.004 -4"><span class='ocrx_word' id='word_1_179' title='bbox 141 2356 214 2409; x_wconf 89' lang='lat' dir='ltr'>Vale.</span> <span class='ocrx_word' id='word_1_180' title='bbox 251 2356 312 2409; x_wconf 87' lang='lat' dir='ltr'>Kal.</span> <span class='ocrx_word' id='word_1_181' title='bbox 325 2356 435 2413; x_wconf 87' lang='lat' dir='ltr'>Octobr.</span> <span class='ocrx_word' id='word_1_182' title='bbox 449 2355 485 2408; x_wconf 91' lang='lat' dir='ltr'>de</span> <span class='ocrx_word' id='word_1_183' title='bbox 498 2354 645 2407; x_wconf 85' lang='lat' dir='ltr'>Venusino.</span> 
     </span>
    </p>
   </div>
   <div class='ocr_carea' id='block_1_13' title="bbox 363 2465 776 2521">
    <p class='ocr_par' dir='ltr' id='par_1_13' title="bbox 363 2465 776 2521">
     <span class='ocr_line' id='line_1_28' title="bbox 363 2465 776 2521; baseline 0 0"><span class='ocrx_word' id='word_1_184' title='bbox 363 2476 401 2521; x_wconf 92' lang='lat' dir='ltr'>ll.</span> <span class='ocrx_word' id='word_1_185' title='bbox 430 2465 589 2521; x_wconf 85' lang='lat' dir='ltr'>TULLIUS</span> <span class='ocrx_word' id='word_1_186' title='bbox 605 2472 733 2520; x_wconf 88' lang='lat' dir='ltr'><strong>TIRONI</strong></span> <span class='ocrx_word' id='word_1_187' title='bbox 751 2473 776 2521; x_wconf 89' lang='lat' dir='ltr'>S.</span> 
     </span>
    </p>
   </div>
   <div class='ocr_carea' id='block_1_14' title="bbox 391 2567 734 2632">
    <p class='ocr_par' dir='ltr' id='par_1_14' title="bbox 391 2567 734 2632">
     <span class='ocr_line' id='line_1_29' title="bbox 391 2567 734 2632; baseline -0.003 -15"><span class='ocrx_word' id='word_1_188' title='bbox 391 2573 455 2632; x_wconf 78' lang='lat' dir='ltr'>(xvr.</span> <span class='ocrx_word' id='word_1_189' title='bbox 470 2572 508 2618; x_wconf 88' lang='lat'>10.</span> <span class='ocrx_word' id='word_1_190' title='bbox 543 2582 569 2617; x_wconf 78' lang='lat' dir='ltr'>s.</span> <span class='ocrx_word' id='word_1_191' title='bbox 584 2582 608 2617; x_wconf 85' lang='lat' dir='ltr'>o.</span> <span class='ocrx_word' id='word_1_192' title='bbox 622 2580 644 2617; x_wconf 87' lang='lat' dir='ltr'>c.</span> <span class='ocrx_word' id='word_1_193' title='bbox 664 2567 734 2631; x_wconf 79' lang='grc'><strong>700.)</strong></span> 
     </span>
    </p>
   </div>
   <div class='ocr_carea' id='block_1_15' title="bbox 135 2655 990 3254">
    <p class='ocr_par' dir='ltr' id='par_1_15' title="bbox 135 2655 990 3254">
     <span class='ocr_line' id='line_1_30' title="bbox 137 2655 989 2730; baseline -0.009 -14"><span class='ocrx_word' id='word_1_194' title='bbox 137 2664 196 2730; x_wconf 85' lang='lat' dir='ltr'>Ego</span> <span class='ocrx_word' id='word_1_195' title='bbox 206 2676 272 2716; x_wconf 86' lang='lat' dir='ltr'>vero</span> <span class='ocrx_word' id='word_1_196' title='bbox 284 2660 363 2728; x_wconf 90' lang='lat' dir='ltr'>cupio</span> <span class='ocrx_word' id='word_1_197' title='bbox 375 2662 405 2712; x_wconf 92' lang='lat' dir='ltr'>te</span> <span class='ocrx_word' id='word_1_198' title='bbox 417 2658 453 2711; x_wconf 86' lang='lat' dir='ltr'>ad</span> <span class='ocrx_word' id='word_1_199' title='bbox 465 2673 509 2711; x_wconf 90' lang='lat' dir='ltr'>me</span> <span class='ocrx_word' id='word_1_200' title='bbox 521 2656 615 2710; x_wconf 84' lang='lat' dir='ltr'>venire</span> <span class='ocrx_word' id='word_1_201' title='bbox 626 2678 633 2723; x_wconf 89' lang='lat'>;</span> <span class='ocrx_word' id='word_1_202' title='bbox 652 2656 701 2709; x_wconf 87' lang='lat' dir='ltr'>sed</span> <span class='ocrx_word' id='word_1_203' title='bbox 713 2655 785 2709; x_wconf 86' lang='lat' dir='ltr'>riam</span> <span class='ocrx_word' id='word_1_204' title='bbox 798 2656 889 2710; x_wconf 89' lang='lat' dir='ltr'>timeo.</span> <span class='ocrx_word' id='word_1_205' title='bbox 920 2656 989 2709; x_wconf 83' lang='lat' dir='ltr'>Gra-</span> 
     </span>
     <span class='ocr_line' id='line_1_31' title="bbox 137 2731 989 2804; baseline -0.012 -11"><span class='ocrx_word' id='word_1_206' title='bbox 137 2738 246 2793; x_wconf 82' lang='lat' dir='ltr'>vissime</span> <span class='ocrx_word' id='word_1_207' title='bbox 258 2734 425 2804; x_wconf 83' lang='lat' dir='ltr'>aegrotasti:</span> <span class='ocrx_word' id='word_1_208' title='bbox 443 2732 536 2786; x_wconf 85' lang='lat' dir='ltr'>inedia</span> <span class='ocrx_word' id='word_1_209' title='bbox 547 2736 577 2786; x_wconf 90' lang='lat' dir='ltr'>et</span> <span class='ocrx_word' id='word_1_210' title='bbox 589 2731 799 2800; x_wconf 85' lang='lat' dir='ltr'>purgationibus</span> <span class='ocrx_word' id='word_1_211' title='bbox 815 2734 845 2785; x_wconf 90' lang='lat' dir='ltr'>et</span> <span class='ocrx_word' id='word_1_212' title='bbox 862 2732 889 2783; x_wconf 90' lang='lat' dir='ltr'>vi</span> <span class='ocrx_word' id='word_1_213' title='bbox 899 2731 989 2799; x_wconf 85' lang='lat' dir='ltr'>ipsius</span> 
     </span>
     <span class='ocr_line' id='line_1_32' title="bbox 137 2807 989 2879; baseline -0.009 -12"><span class='ocrx_word' id='word_1_214' title='bbox 137 2814 222 2867; x_wconf 89' lang='lat' dir='ltr'>morbi</span> <span class='ocrx_word' id='word_1_215' title='bbox 235 2814 411 2879; x_wconf 85' lang='lat' dir='ltr'>consumptus</span> <span class='ocrx_word' id='word_1_216' title='bbox 423 2826 460 2863; x_wconf 93' lang='lat' dir='ltr'>es.</span> <span class='ocrx_word' id='word_1_217' title='bbox 492 2810 597 2863; x_wconf 87' lang='lat' dir='ltr'>Graves</span> <span class='ocrx_word' id='word_1_218' title='bbox 610 2808 698 2861; x_wconf 87' lang='lat' dir='ltr'>solent</span> <span class='ocrx_word' id='word_1_219' title='bbox 710 2807 871 2861; x_wconf 83' lang='lat' dir='ltr'>offensiones</span> <span class='ocrx_word' id='word_1_220' title='bbox 883 2823 943 2860; x_wconf 86' lang='lat' dir='ltr'>esse</span> <span class='ocrx_word' id='word_1_221' title='bbox 955 2823 989 2860; x_wconf 84' lang='lat' dir='ltr'>ex</span> 
     </span>
     <span class='ocr_line' id='line_1_33' title="bbox 135 2880 989 2958; baseline -0.011 -15"><span class='ocrx_word' id='word_1_222' title='bbox 135 2889 265 2958; x_wconf 79' lang='lat' dir='ltr'>gravibus</span> <span class='ocrx_word' id='word_1_223' title='bbox 281 2885 392 2953; x_wconf 87' lang='lat' dir='ltr'>morbis,</span> <span class='ocrx_word' id='word_1_224' title='bbox 406 2885 429 2939; x_wconf 79' lang='lat' dir='ltr'>si</span> <span class='ocrx_word' id='word_1_225' title='bbox 447 2902 518 2954; x_wconf 89' lang='lat' dir='ltr'>quae</span> <span class='ocrx_word' id='word_1_226' title='bbox 536 2884 617 2953; x_wconf 88' lang='lat' dir='ltr'>culpa</span> <span class='ocrx_word' id='word_1_227' title='bbox 635 2884 778 2936; x_wconf 88' lang='lat' dir='ltr'>commissa</span> <span class='ocrx_word' id='word_1_228' title='bbox 789 2886 839 2936; x_wconf 88' lang='lat' dir='ltr'>est.</span> <span class='ocrx_word' id='word_1_229' title='bbox 876 2882 895 2935; x_wconf 86' lang='lat' dir='ltr'><strong>J</strong></span> <span class='ocrx_word' id='word_1_230' title='bbox 897 2898 941 2935; x_wconf 89' lang='lat' dir='ltr'>am</span> <span class='ocrx_word' id='word_1_231' title='bbox 953 2880 989 2935; x_wconf 90' lang='lat' dir='ltr'>ad</span> 
     </span>
     <span class='ocr_line' id='line_1_34' title="bbox 136 2957 989 3031; baseline -0.011 -13"><span class='ocrx_word' id='word_1_232' title='bbox 136 2965 167 3018; x_wconf 92' lang='lat' dir='ltr'>id</span> <span class='ocrx_word' id='word_1_233' title='bbox 180 2964 301 3029; x_wconf 85' lang='lat' dir='ltr'>biduum,</span> <span class='ocrx_word' id='word_1_234' title='bbox 314 2962 388 3031; x_wconf 89' lang='lat' dir='ltr'>quod</span> <span class='ocrx_word' id='word_1_235' title='bbox 404 2961 489 3014; x_wconf 82' lang='lat' dir='ltr'>fueris</span> <span class='ocrx_word' id='word_1_236' title='bbox 503 2961 531 3013; x_wconf 92' lang='lat' dir='ltr'>in</span> <span class='ocrx_word' id='word_1_237' title='bbox 548 2960 594 3012; x_wconf 83' lang='lat' dir='ltr'>via</span> <span class='ocrx_word' id='word_1_238' title='bbox 610 2959 676 3011; x_wconf 90' lang='lat' dir='ltr'>dum</span> <span class='ocrx_word' id='word_1_239' title='bbox 692 2958 720 3010; x_wconf 93' lang='lat' dir='ltr'>in</span> <span class='ocrx_word' id='word_1_240' title='bbox 739 2958 890 3012; x_wconf 81' lang='lat' dir='ltr'>Cumanum</span> <span class='ocrx_word' id='word_1_241' title='bbox 905 2957 989 3023; x_wconf 81' lang='lat' dir='ltr'>vonis,</span> 
     </span>
     <span class='ocr_line' id='line_1_35' title="bbox 136 3031 990 3102; baseline -0.013 -8"><span class='ocrx_word' id='word_1_242' title='bbox 136 3040 268 3094; x_wconf 88' lang='lat' dir='ltr'>accedent</span> <span class='ocrx_word' id='word_1_243' title='bbox 288 3039 416 3092; x_wconf 91' lang='lat' dir='ltr'>continuo</span> <span class='ocrx_word' id='word_1_244' title='bbox 435 3037 472 3091; x_wconf 87' lang='lat' dir='ltr'>ad</span> <span class='ocrx_word' id='word_1_245' title='bbox 490 3035 612 3089; x_wconf 90' lang='lat' dir='ltr'>reditum</span> <span class='ocrx_word' id='word_1_246' title='bbox 635 3034 694 3087; x_wconf 85' lang='lat' dir='ltr'>dies</span> <span class='ocrx_word' id='word_1_247' title='bbox 716 3034 845 3102; x_wconf 90' lang='lat' dir='ltr'>quinque.</span> <span class='ocrx_word' id='word_1_248' title='bbox 882 3032 940 3098; x_wconf 86' lang='lat' dir='ltr'>Ego</span> <span class='ocrx_word' id='word_1_249' title='bbox 961 3031 990 3083; x_wconf 92' lang='lat' dir='ltr'>in</span> 
     </span>
     <span class='ocr_line' id='line_1_36' title="bbox 137 3107 990 3171; baseline -0.014 0"><span class='ocrx_word' id='word_1_250' title='bbox 137 3117 282 3171; x_wconf 72' lang='lat' dir='ltr'>Formiano</span> <span class='ocrx_word' id='word_1_251' title='bbox 294 3132 317 3167; x_wconf 84' lang='lat' dir='ltr'>a.</span> <span class='ocrx_word' id='word_1_252' title='bbox 330 3114 358 3170; x_wconf 86' lang='lat' dir='ltr'>d.</span> <span class='ocrx_word' id='word_1_253' title='bbox 370 3129 412 3167; x_wconf 92' lang='lat'>111.</span> <span class='ocrx_word' id='word_1_254' title='bbox 427 3112 544 3166; x_wconf 85' lang='lat' dir='ltr'>Kalend.</span> <span class='ocrx_word' id='word_1_255' title='bbox 558 3128 618 3164; x_wconf 85' lang='lat' dir='ltr'>esse</span> <span class='ocrx_word' id='word_1_256' title='bbox 630 3111 697 3163; x_wconf 85' lang='lat' dir='ltr'>volo.</span> <span class='ocrx_word' id='word_1_257' title='bbox 735 3109 779 3162; x_wconf 92' lang='lat' dir='ltr'>Ibi</span> <span class='ocrx_word' id='word_1_258' title='bbox 791 3112 820 3163; x_wconf 89' lang='lat' dir='ltr'>te</span> <span class='ocrx_word' id='word_1_259' title='bbox 831 3111 864 3162; x_wconf 90' lang='lat' dir='ltr'>ut</span> <span class='ocrx_word' id='word_1_260' title='bbox 880 3107 990 3160; x_wconf 87' lang='lat' dir='ltr'>firmum</span> 
     </span>
     <span class='ocr_line' id='line_1_37' title="bbox 137 3184 989 3254; baseline -0.015 -7"><span class='ocrx_word' id='word_1_261' title='bbox 137 3192 280 3254; x_wconf 79' lang='lat' dir='ltr'>offendam,</span> <span class='ocrx_word' id='word_1_262' title='bbox 293 3191 329 3243; x_wconf 88' lang='lat' dir='ltr'>mi</span> <span class='ocrx_word' id='word_1_263' title='bbox 347 3191 418 3254; x_wconf 89' lang='lat' dir='ltr'>Tiro,</span> <span class='ocrx_word' id='word_1_264' title='bbox 431 3188 513 3242; x_wconf 86' lang='lat' dir='ltr'>effice.</span> <span class='ocrx_word' id='word_1_265' title='bbox 552 3186 692 3240; x_wconf 84' lang='lat' dir='ltr'>Literulae</span> <span class='ocrx_word' id='word_1_266' title='bbox 709 3201 786 3239; x_wconf 82' lang='lat' dir='ltr'>meno</span> <span class='ocrx_word' id='word_1_267' title='bbox 805 3185 861 3237; x_wconf 81' lang='lat' dir='ltr'>sivo</span> <span class='ocrx_word' id='word_1_268' title='bbox 877 3184 989 3235; x_wconf 81' lang='lat' dir='ltr'>nostrae</span> 
     </span>
    </p>
   </div>
   <div class='ocr_carea' id='block_1_16' title="bbox 0 0 1104 3450">
    <p class='ocr_par' dir='ltr' id='par_1_16' title="bbox 0 0 1104 3450">
     <span class='ocr_line' id='line_1_38' title="bbox 0 0 1104 3450; baseline 0 0"><span class='ocrx_word' id='word_1_269' title='bbox 0 0 1104 3450; x_wconf 95' lang='lat' dir='ltr'> </span> 
     </span>
    </p>
   </div>
  </div>
 </body>
</html>
