2200 3450
107 171 138 220 54
333 168 371 216 M.
389 165 516 214 TULLII
540 162 730 212 CICERONIS

107 251 284 312 delectantur,
297 253 326 302 et
337 249 357 301 ii
370 241 421 317 qui'
430 264 508 300 suum
522 246 663 313 negotium
679 247 779 312 gerunt
793 244 880 311 otiosi,
896 261 957 312 pos-

107 329 195 379 tremo
218 326 237 378 ii
261 326 308 393 qui
332 342 361 378 se
385 327 458 377 totos
481 322 658 376 tradiderunt
681 320 875 388 voluptatibus,
900 323 957 374 sine

107 402 226 455 amicitia
245 402 328 454 vitam
343 417 402 454 esse
415 393 528 463 nullam,
548 397 571 450 si
594 397 676 450 modo
699 396 784 450 velint
808 397 900 465 aliqua
923 415 958 450 ex

107 482 186 547 parte
206 476 358 529 liberaliter
377 476 475 528 vivere.
510 480 551 531 87.
575 473 667 541 Serpit
690 474 762 526 enim
782 475 872 526 nescio
893 490 957 541 quo-

107 553 187 606 modo
212 569 264 620 per
293 553 412 620 omnium
436 552 505 604 vitas
529 550 657 616 amicitia,
679 566 730 602 nce
753 549 835 601 ullam
859 550 958 604 aetatis

108 629 249 697 degendae
273 629 406 682 rationem
430 627 536 694 patitur
556 642 615 679 esse
636 623 778 693 expertein
802 626 850 678 sui.
887 628 958 691 Quin

108 707 191 759 etiam
207 705 230 758 si
247 704 309 772 quis
325 704 474 772 asperitate
494 719 526 756 ea
545 704 588 755 est
608 704 638 754 et
656 701 826 755 immanitate
845 707 959 757 naturae

108 797 267 850 congressus
290 783 322 834 ut
346 779 485 832 hominum
508 779 597 845 fugiat
622 781 707 846 atque
730 777 827 842 oderit
851 781 959 846 qualem

107 860 190 911 luisse
203 855 321 910 Athenis
334 856 472 908 Timonem
485 855 575 907 nescio
588 849 674 922 'quem
690 854 849 922 accepimus,
867 858 959 908 tamen

108 935 131 986 is
144 934 202 1002 pati
214 949 268 987 non
280 932 366 1000 possit
378 934 411 985 ut
428 948 481 984 non
503 931 632 998 anquirat
647 930 765 998 aliquem
784 930 858 997 apud
878 935 959 999 quem

108 1011 216 1062 evomat
231 1008 306 1062 virus
324 1006 482 1061 acerbitatis
498 1023 569 1060 suae.
605 1007 701 1074 Atque
716 1006 768 1059 hoe
786 1007 904 1060 maxime
917 1008 960 1073 ju-

109 1085 253 1151 dicaretur,
276 1084 300 1137 si
318 1084 384 1152 quid
401 1084 456 1137 tale
471 1088 564 1152 posset
577 1085 733 1150 contingere
748 1087 781 1137 ut
799 1083 897 1151 aliquis
912 1100 961 1136 nos

109 1160 176 1214 dous
188 1177 223 1214 ex
234 1161 286 1214 hac
297 1160 437 1215 hominum
448 1161 604 1228 frequentia
615 1161 726 1214 tolleret
738 1161 803 1214 etin
816 1160 962 1214 solitudine

109 1237 214 1304 uspiam
226 1237 376 1303 collocaret,
389 1239 473 1305 atque
484 1236 522 1289 ibi
539 1238 716 1306 suppeditans
733 1237 853 1290 omnium
870 1253 961 1290 rerum

112 1329 178 1380 quas
190 1317 289 1367 natura
301 1312 441 1368 desiderat
458 1313 654 1366 abundantiam
674 1317 704 1367 et
723 1314 827 1381 copiam
846 1313 962 1366 hominis

110 1389 218 1442 omnino
230 1389 398 1458 adspiciendi
409 1394 575 1458 potestatem
588 1392 715 1459 eriperet.
752 1389 963 1453 Qiristamesset

110 1465 215 1518 ferreus
228 1465 276 1534 qui
288 1483 348 1520 eam
360 1465 445 1521 vitam
457 1467 529 1520 ferre
545 1471 646 1536 posset,
659 1468 757 1536 cuique
772 1482 826 1519 non
842 1466 963 1518 auferret

111 1541 232 1594 fructum
255 1541 427 1610 voluptatum
455 1543 575 1596 omniurn
606 1542 745 1597 solitudol
790 1547 831 1596 88.
858 1541 963 1594 Verum

113 1633 178 1684 ergo
190 1616 259 1670 illud
270 1621 313 1670 est
326 1616 399 1684 quod
411 1634 427 1670 a
437 1618 583 1672 Tarentino
597 1619 726 1686 Archyta,
743 1621 776 1671 ut
792 1619 894 1687 opinor,
909 1617 963 1668 dici

114 1693 238 1759 solitum,¹
253 1695 361 1747 nostros
385 1709 463 1747 senos
487 1711 699 1748 commemorare
727 1693 819 1748 andivi
844 1693 879 1747 ab
903 1692 964 1746 aliis

112 1768 222 1821 senibus
229 1767 368 1822 auditum:
383 1769 476 1837 siquis
487 1770 516 1823 in
527 1771 633 1824 eaelum
645 1770 814 1825 ascendisset
826 1774 964 1823 naturam-

26 1914 28 1918 Υ
111 1861 166 1911 qne
188 1842 284 1897 mundi
313 1848 343 1897 et
363 1844 594 1913 pulchritudinem
618 1846 739 1900 siderum
770 1847 963 1915 perspexisset,
999 1858 1004 1865 ·

111 1920 254 1973 insuavem·
274 1920 349 1973 illam
378 1921 587 1975 admirationem
617 1923 643 1976 ei
672 1923 738 1988 fore,
771 1939 842 1991 quae
865 1923 961 1989 jucun-

112 1995 223 2048 dissima
234 1995 331 2050 luisset
346 1996 369 2049 si
388 1996 508 2066 aliquem
526 1999 570 2051 eui
588 2001 715 2052 narraret
735 1998 883 2051 habuisset.
919 1998 963 2051 Sic

32 2072 36 2076 ’
111 2075 209 2125 natura
233 2071 383 2127 solitarium
406 2073 472 2126 nihil
496 2078 578 2141 amat,
603 2090 765 2142 semperque
788 2074 825 2127 ad
852 2072 964 2142 aliquod

112 2151 252 2217 tamquam
275 2147 467 2202 adminiculum
491 2150 631 2217 annititur,
653 2150 727 2218 quod
750 2150 778 2202 in
803 2149 965 2203 amicissimo

112 2240 222 2292 quoque
234 2222 419 2279 dulcissimum
431 2229 480 2279 est.

74 2302 76 2309 ⁴
164 2299 270 2353 XXIV.
289 2299 352 2373 Sed
362 2317 445 2368 quum
460 2305 503 2356 tot
515 2302 599 2369 signis
615 2301 712 2355 eadem
728 2305 827 2355 natura
843 2302 965 2357 declaret

113 2376 181 2445 quid
204 2376 277 2441 velit,
300 2378 442 2445 anquirat,
458 2377 605 2442 desideret
629 2377 849 2431 obsurdescimus
871 2382 964 2431 tamen

113 2454 202 2506 nescio
215 2453 358 2521 quomode,
371 2470 421 2507 nec
434 2470 549 2523 eaquae
567 2454 602 2506 ab
619 2471 651 2507 ea
670 2471 812 2507 monemur
830 2455 964 2509 audimus.

114 2528 164 2581 Est
177 2528 249 2581 enim
262 2528 352 2581 varius
369 2532 398 2582 et
413 2529 557 2597 multiplex
573 2546 639 2583 usus
654 2530 796 2597 amicitiae,
807 2530 965 2599 multaeque

112 2618 210 2657 caricae
230 2603 413 2672 suspicionum
432 2599 665 2673 offensionumque
686 2606 795 2675 dantur,
818 2624 885 2675 quas
905 2610 964 2659 tum

113 2678 217 2733 evitare
228 2682 288 2733 tum
307 2680 414 2734 elevare
434 2684 493 2734 tum
512 2682 585 2736 ferre
603 2683 733 2751 sapientis
750 2686 801 2736 est.
837 2683 900 2736 Una
919 2682 966 2736 illa

113 2754 281 2809 sublevanda
292 2755 402 2809 offensio
415 2759 465 2823 est,
478 2760 510 2811 ut
522 2760 552 2811 et
563 2758 669 2812 utilitas
680 2759 709 2811 in
718 2759 838 2812 amicitia
850 2762 880 2812 et
896 2757 966 2812 fides

113 2830 281 2895 retineatur;
298 2847 361 2885 nam
377 2835 407 2887 et
422 2833 550 2887 monendi
562 2835 641 2887 amici
658 2851 740 2903 saepe
751 2838 858 2888 suntet
874 2834 967 2901 objur-

113 2905 214 2972 gandi3
233 2909 262 2959 et
282 2906 349 2961 haec
365 2908 521 2977 accipienda
537 2910 623 2962 amice
641 2926 726 2977 quum
739 2909 871 2964 benevole
888 2910 968 2965 fiunt.

115 2986 155 3034 89.
175 2980 345 3037 Sed-nescio
369 2983 504 3050 quomodo
524 3000 619 3037 verum
643 2987 686 3037 est
709 2985 784 3052 quod
804 2986 833 3037 in
857 2985 968 3039 Andria

114 3055 254 3110 familiaris
266 3073 342 3113 meus
354 3058 420 3112 dicit
431 3078 437 3113 :

266 3135 418 3197 Obsequium
429 3135 528 3194 amicos,
542 3136 634 3183 veritas
645 3136 727 3183 odium
739 3136 814 3197 parit.

2 3249 9 3264 ,
116 3210 234 3268 Molesta
245 3215 353 3279 veritas,
365 3216 389 3267 si
401 3215 512 3281 quidem
529 3231 563 3268 ex
582 3231 616 3268 ea
631 3216 752 3268 nascitur
771 3216 872 3280 odium,
892 3217 967 3282 qnod
