2200 3450
91 170 122 216 56
260 165 271 210 f
318 167 355 214 M.
374 165 501 214 TULLII
522 164 716 213 montionis

90 250 121 300 ut
140 246 271 300 ait'idem
289 246 440 310 Terentius,
460 245 509 297 sed
528 245 574 297 ille
593 246 621 297 in
642 242 796 298 Gnathonis
811 260 944 312 persona:

90 321 164 390 quod
182 321 261 374 amici
279 338 365 388 genus
386 321 518 374 adhibere
542 323 650 373 omnino
674 319 795 373 levitatis
818 325 868 374 est.
903 327 944 375 94.

1 442 6 452 .
90 398 173 450 Multi
195 401 285 450 autern
304 397 479 450 Gnathonum
501 396 603 449 similes
627 412 711 465 quum
731 396 787 449 sint
805 396 872 462 loeo,
891 398 943 449 for·

90 476 164 539 tuna,
189 473 261 526 fama
280 472 439 540 superiores,
461 472 559 524 horum
580 476 624 525 est
647 472 796 526 assentatio
820 473 942 538 molesta,

90 565 174 616 qumn
198 548 235 601 ad
257 549 406 602 vanitatem
430 548 544 602 accessit
568 548 724 601 auctoritas.
766 554 807 602 95.
832 549 943 602 Secerni

90 629 182 677 autem
200 625 316 678 blandus
335 625 438 677 amicus
454 641 471 676 a
485 640 550 677 vero
568 627 597 677 et
617 623 764 677 internosci
779 628 836 678 tam
851 629 943 694 potest

90 700 214 754 adhibita
230 701 374 768 diligentia
395 716 477 768 quam
501 699 592 752 omnia
611 699 702 753 fricata
726 703 755 754 et
775 700 903 754 simulata
926 717 943 753 a

90 777 200 830 sinceris
229 782 313 844 atque
337 776 415 830 veris
454 775 552 830 Contio
573 792 644 843 quae
672 793 707 828 ex
732 776 941 843 imperitissimis

90 857 311 918 constat,ta1uen
328 852 453 920 judicare
470 853 540 905 solet
559 851 626 920 quid
645 852 756 905 intersit
771 852 844 905 inter
859 869 943 920 popu-

91 928 182 993 larem,
199 927 228 980 id
248 932 298 995 est,
318 931 516 981 assentatorem
537 932 568 981 et
590 928 678 981 levem
702 929 796 995 civem,
818 933 847 982 et
871 929 943 983 inter

90 1007 268 1069 constantem,
281 1021 413 1071 severum,
426 1007 455 1056 et
466 1021 586 1072 gravem.
622 1010 662 1058 96.
682 1003 786 1068 Quibus
802 1004 942 1058 blanditiis

91 1082 120 1132 0.
142 1079 267 1146 Papirius
287 1096 374 1147 nuper
391 1080 523 1132 influebat
551 1081 579 1132 in
597 1097 677 1134 aures
695 1081 835 1148 contionis,
858 1097 941 1149 quum

91 1155 175 1207 ferret
199 1155 287 1222 legem
314 1155 348 1208 de
370 1155 488 1209 tribunis
513 1156 602 1224 plebis
632 1156 795 1210 reficiendis.
831 1156 942 1210 Dissua

90 1231 173 1283 simus
188 1248 252 1285 nos.
301 1231 355 1285 Sed
379 1231 446 1284 nihil
475 1232 510 1284 de
539 1249 599 1286 me:
629 1233 664 1285 de
695 1233 820 1300 Scipione
852 1232 940 1285 dieue

90 1305 226 1360 libentius
271 1307 380 1371 Quanta
403 1308 450 1374 illi,
472 1307 510 1360 dii
533 1308 709 1373 immortales,
733 1308 787 1362 fuit
810 1309 939 1376 gravitas,

43 1391 45 1396 '
91 1385 194 1449 quanta
214 1383 241 1436 in
266 1383 388 1437 oratione
409 1384 547 1452 majestas,
571 1388 603 1437 ut
626 1384 705 1437 facile
727 1383 824 1437 ducem
848 1383 940 1451 populi

93 1458 206 1511 ltonrani
218 1477 271 1512 non
283 1461 410 1514 comitem
430 1460 542 1513 diceres.
579 1460 634 1512 Sed
650 1459 784 1528 adfuistis,
803 1462 832 1514 et
850 1465 893 1514 est
914 1460 941 1512 in

90 1535 213 1589 manibus
231 1536 324 1589 oratio.
362 1537 462 1604 Itaque
478 1535 523 1588 lex
542 1536 680 1604 popularis
696 1537 830 1604 suffragiis
848 1535 941 1605 populi

90 1610 235 1678 repudiata
246 1615 296 1664 est.
332 1615 427 1679 Atque
439 1616 471 1665 ut
486 1612 522 1664 ad
534 1628 579 1664 me
595 1612 713 1678 redeam,
729 1613 892 1666 meministis
910 1613 941 1677 Q.

91 1685 210 1741 Maximo
224 1688 309 1741 tratre
322 1687 455 1756 Scipionis
466 1692 496 1742 et
509 1688 539 1742 L.
553 1688 678 1742 Mancino
691 1688 941 1758 oonsulibus’quam

90 1763 226 1829 popularis
242 1764 288 1815 lex
301 1764 508 1817 de'sacerdotiis
525 1764 556 1818 0.
570 1765 666 1818 Licinii
680 1764 771 1818 Crassi
787 1764 941 1819 uidebatur.

91 1838 234 1907 Coeptatio
248 1839 321 1892 enirn
333 1839 507 1907 collegiorum
520 1840 556 1893 ad
567 1841 660 1909 populi
677 1840 840 1894 beneficium
853 1845 941 1894 trans-

90 1914 236 1982 ferebatur,
260 1919 343 1981 atque
366 1915 389 1967 is
412 1916 516 1983 primus
539 1917 661 1970 instituit
684 1917 711 1970 in
735 1917 824 1970 forum
847 1934 942 1969 versus

90 2006 249 2055 agarenum
268 1990 381 2057 populo;
400 1994 492 2044 tamen
511 1991 584 2043 illius
604 1992 770 2045 vendibilem
791 1992 941 2044 orationem

90 2065 184 2133 religio
196 2065 309 2119 deorum
326 2067 518 2119 immortalium
535 2067 613 2119 nobis
630 2067 841 2137 defendentibus
860 2066 941 2120 facile

89 2140 223 2195 vincebat.
259 2143 353 2209 Atque
364 2142 394 2194 id
406 2148 495 2195 actum
509 2146 552 2195 est
563 2148 689 2209 praetere
699 2159 743 2195 me
755 2143 941 2211 quinquennio
1002 2194 1005 2197 ,

89 2222 154 2274 ante
163 2236 244 2287 quam
254 2219 346 2273 consul
359 2235 417 2272 sum
427 2220 524 2272 faetus.
549 2219 596 2271 lta
607 2235 638 2272 re
649 2219 736 2286 magis
745 2236 826 2288 quam
836 2234 942 2272 summa

89 2295 254 2349 auctoritate
266 2312 348 2348 causa
360 2296 406 2348 illa
418 2288 531 2348 defiensa
543 2297 594 2347 est
846 2292 850 2297 ’

143 2370 247 2424 XXVI.
267 2374 306 2426 97.
331 2367 409 2433 Quod
426 2367 449 2420 si
464 2367 491 2419 in
508 2383 595 2432 scena,
612 2366 642 2419 id
657 2370 706 2432 est,
723 2367 752 2419 in
768 2366 901 2432 contione,
914 2364 943 2418 in

90 2463 145 2513 qua
157 2446 238 2499 rebus
251 2444 321 2498 fictis
334 2448 362 2498 et
374 2443 545 2497 adumbratis
557 2442 609 2495 loei
620 2443 767 2510 plurimum
780 2447 830 2507 est,
847 2446 941 2495 tamen

91 2538 184 2574 verum
200 2522 280 2586 valet,
296 2519 414 2573 simodo
430 2518 459 2571 id
475 2518 644 2587 patefactum
661 2523 691 2571 et
706 2518 873 2571 illustratum
890 2519 941 2584 est,

91 2596 158 2665 quid
176 2596 204 2648 in
222 2595 341 2649 amicitia
362 2594 421 2648 ficri
442 2597 551 2662 oportet
572 2610 642 2661 quae
663 2598 723 2647 tota
744 2594 861 2647 veritate
881 2608 942 2661 pcr-

91 2672 221 2740 penditur
231 2673 240 2725 'i
259 2671 286 2723 in
299 2686 352 2738 qua
364 2670 423 2735 nisi,
435 2673 467 2723 ut
480 2668 588 2735 dicitur,
600 2675 725 2737 apertum
742 2672 839 2736 pectus
851 2668 944 2721 videas

91 2753 224 2816 tuumque
239 2746 374 2813 ostendas,
386 2745 452 2798 nihil
464 2745 558 2811 fidum,
571 2744 637 2797 nihil
647 2744 818 2811 exploratum
828 2744 944 2807 habeas;

91 2840 125 2876 ne
143 2839 235 2876 aurare
253 2821 364 2890 quidem
385 2825 432 2875 aut
450 2821 542 2883 amari,
562 2836 647 2888 quum
664 2819 694 2872 id
712 2836 794 2889 quarn
813 2837 876 2873 vere
895 2819 944 2873 fiat

91 2900 206 2965 ignores.
235 2897 405 2965 Quamquam
418 2897 471 2951 ista
483 2897 640 2962 assentatio,
653 2896 777 2964 quamvis
789 2895 943 2964 perniciosa

92 2974 136 3041 sit,
148 2990 245 3027 nocere
256 2977 347 3027 tamen
357 2973 457 3026 nemini
467 2975 560 3039 potest
568 2972 620 3023 nisi
630 2971 654 3023 ei
666 2971 713 3038 qui
722 2987 782 3024 eam
792 2971 892 3040 recipit
901 2975 943 3024 at

92 3067 146 3119 quc
158 3066 191 3103 ea
202 3049 365 3104 delectatur.
391 3049 436 3102 Ita
448 3048 480 3102 fit
492 3050 524 3100 ut
533 3046 557 3099 is
566 3044 784 3099 assentatoribus
795 3046 945 3113 patefaciat

91 3149 171 3187 aures
183 3148 246 3186 suas
257 3132 382 3197 maxime,
395 3130 441 3198 qui
453 3130 511 3197 ipse
521 3128 572 3180 sibi
582 3130 737 3181 assentetur
747 3131 776 3181 et
786 3145 816 3181 se
825 3128 945 3181 maximo

92 3208 148 3277 ipsc
162 3208 290 3262 delectet.
326 3213 366 3260 98.
380 3204 496 3259 Ornnino
509 3207 552 3256 est
565 3220 658 3255 anians
670 3203 712 3255 sui
723 3202 811 3255 virtus
822 3224 828 3267 ;
841 3202 945 3270 optime
