2200 3450
304 167 394 216 CATO
412 167 542 216 MAJOR.
578 168 657 217 CAP.
674 168 752 218 VIII.
771 167 820 217 IX.
973 174 989 219 9

223 249 286 297 Tum
298 249 411 312 equidem
422 249 446 296 in
458 253 559 297 senecta
568 249 616 296 hoe
627 242 720 312 deputo
731 248 903 308 miserrimum,

158 355 161 363 ,
224 314 320 362 Sentire
331 329 360 360 ea
371 319 452 361 aetate
463 329 515 361 esse
526 329 553 362 se
564 315 677 361 odiosum
688 315 766 362 alteri.

143 403 184 451 21.
203 396 360 450 Iucundum
373 397 464 465 potius
480 413 561 464 quam
576 397 707 452 odiosum.
744 399 783 452 Ut
795 399 869 463 enim
885 397 988 452 adoles-

143 471 266 526 centibus
287 471 358 525 bona
376 472 467 525 indole
488 473 623 540 praeditis
643 475 779 541 sapientes
804 491 883 527 senes
902 474 990 526 delec-

143 551 244 614 tantur,
257 548 397 616 leviorque
411 548 442 600 fit
454 565 547 600 eorum
565 552 690 600 senectus
703 549 749 616 qui
761 567 777 601 a
784 547 931 616 juventute
948 565 989 601 ce

143 624 235 678 luntur
251 629 280 677 et
295 623 453 691 diliguntur,
473 624 510 676 sic
525 623 712 678 adolescentes
726 641 820 678 senum
836 624 989 692 praeceptis

143 699 263 766 gaudent
286 699 385 767 quibus
408 699 444 752 ad
468 700 601 752 virtutum
626 700 717 752 studia
741 699 884 753 ducuntur.
929 700 988 753 Nec

143 775 230 827 miuus
246 774 367 842 intelligo
381 791 425 828 me
437 774 513 828 vobis
527 785 609 843 quam
624 775 691 828 mihi
706 791 754 828 vos
770 792 830 828 esse
843 774 987 842 jucundos.

144 851 199 903 Sed
211 849 310 904 videtis
323 855 355 903 ut
370 853 494 904 senectus
512 867 566 903 non
581 847 663 904 mode
674 850 803 918 languida
814 855 898 919 atque
912 851 988 903 iners

142 943 195 978 uon
207 927 250 992 sit,
259 943 354 980 verum
363 921 445 980 etiam
458 927 494 980 sit
506 943 620 995 operosa
631 931 660 981 et
672 944 780 996 semper
788 944 872 995 agens
883 926 988 996 aliquid

143 1006 172 1055 et
184 1003 305 1076 mellens,
317 1003 373 1056 tale
385 1003 488 1056 scilicet
500 1003 581 1072 quale
592 1003 725 1072 cujusque
735 1004 857 1062 studium
869 1003 897 1056 in
910 1019 988 1071 supe-

143 1079 214 1130 riere
230 1079 287 1132 vita
301 1079 360 1133 fuit.
398 1078 476 1146 Quid,
493 1079 539 1147 qui
556 1080 639 1132 etiam
656 1079 801 1133 addiscunt
817 1078 938 1147 aliquidl
956 1083 989 1132 ut

142 1153 268 1208 Solonem
285 1154 407 1208 versibus
424 1154 584 1220 gloriantem
600 1155 740 1220 uidemus,¹
751 1141 806 1224 qul
816 1172 846 1208 se
864 1155 987 1223 quetidie

144 1229 249 1297 aliquid
266 1230 453 1284 addiscentem
472 1229 537 1283 dicit
557 1247 648 1283 senem
666 1231 789 1285 fieriz‘ut
806 1247 856 1299 ege
871 1230 924 1284 feci
939 1231 985 1298 qui

143 1305 259 1359 Graecas
282 1306 390 1359 litteras
414 1323 495 1358 senex
516 1305 607 1370 didici,
627 1323 695 1373 quas
714 1305 826 1374 quidem
850 1306 889 1358 sie
906 1306 986 1357 avide

141 1381 248 1449 arripui,
270 1383 348 1450 quasi
366 1381 521 1434 diuturnam
541 1382 615 1433 sitim
636 1380 746 1448 explere
765 1381 882 1448 cupiens,
901 1384 934 1432 ut
954 1397 986 1433 ea

141 1457 199 1523 ipsa
211 1456 277 1510 mihi
289 1461 354 1510 note
366 1462 456 1508 essent
469 1455 568 1522 quibus
579 1471 624 1507 me
635 1471 707 1508 nune
718 1455 849 1522 exemplis
860 1455 901 1507 uti
913 1455 986 1507 vide-

141 1531 184 1584 tis.
221 1532 300 1594 Quod
318 1548 402 1600 quum
420 1530 515 1583 leeisse
534 1530 674 1584 Socratem
691 1530 719 1582 in
738 1529 838 1583 fidibus
855 1529 985 1593 audirem,

141 1607 238 1660 vellem
251 1606 378 1676 equidem
390 1606 473 1660 etiam
489 1604 565 1671 illud,
578 1605 720 1660 discebant
734 1605 807 1659 enim
823 1604 923 1658 fidibus
940 1622 986 1658 au-

141 1682 220 1751 tiqui,
232 1681 281 1736 sed
292 1682 321 1735 in
332 1681 433 1735 litteris
445 1684 520 1735 certe
533 1680 676 1735 elaboravi.

195 1758 245 1811 IX.
276 1761 316 1815 27.
347 1756 406 1809 Nee
424 1771 494 1809 nunc
514 1757 628 1824 quidem
644 1759 715 1811 vires
736 1758 863 1811 desidere
879 1757 985 1811 adoles-

141 1832 237 1900 centis,
250 1834 274 1885 is
286 1832 357 1886 enim
370 1834 433 1886 erat
443 1832 517 1885 loeus
532 1832 604 1886 alter
620 1833 655 1886 de
672 1834 746 1886 vitiis
762 1834 918 1899 senectutis,
931 1851 985 1885 nen

141 1908 203 1977 plus
218 1926 299 1977 quam
314 1908 471 1962 adolescens
484 1910 558 1962 tauri
574 1912 622 1962 aut
636 1909 773 1977 elephanti
789 1908 984 1961 desiderabam.

143 1984 222 2049 Quod
246 1988 288 2039 est
307 2001 339 2038 ee
358 1984 438 2037 decet
457 1986 505 2052 uti,
531 1988 561 2038 et
580 1984 716 2053 quidquid
739 2000 805 2052 agas
828 1991 911 2051 agere
935 2000 986 2051 pro

141 2060 250 2115 viribus.
287 2062 361 2125 Quae
374 2061 446 2114 enim
458 2078 509 2114 vox
526 2064 618 2129 potest
634 2078 695 2113 esse
709 2061 891 2128 contemptior
904 2076 985 2126 quum

142 2136 250 2190 Milonis
263 2137 452 2191 Crotoniatae?
471 2136 525 2204 qui,
538 2153 621 2203 quum
635 2137 694 2203 jum
712 2153 796 2188 senex
813 2138 885 2187 esset
901 2135 986 2187 athle-

141 2216 239 2281 tasque
262 2230 291 2266 se
315 2216 473 2265 exercentes
493 2212 521 2264 in
542 2211 674 2264 curriculo
695 2211 808 2278 videret,
829 2209 986 2278 adspexisse

141 2287 256 2341 lacertos
271 2304 332 2341 suos
345 2288 445 2341 dieitur
460 2286 677 2354 illacrimansque
690 2288 806 2351 dixisse:
832 2288 873 2339 At
889 2286 916 2337 hi
929 2287 986 2353 qui-

141 2364 203 2417 dem
216 2364 383 2431 mortuijam
396 2368 467 2417 sunt.
501 2364 564 2416 Non
574 2380 640 2417 vero
652 2368 710 2417 tam
721 2363 766 2415 isti
781 2379 863 2431 quam
876 2362 986 2430 tuipse,
1077 2391 1079 2394 ·

140 2443 271 2507 nugater;
288 2455 377 2507 neque
392 2439 464 2492 enim
479 2456 513 2492 ex
528 2440 559 2492 te
574 2456 694 2507 uuquam
715 2455 744 2491 es
760 2437 920 2492 nobilitatus
937 2439 986 2491 sed

139 2533 174 2569 ex
193 2514 326 2569 lateribus
345 2517 374 2567 et
394 2514 506 2568 lacertis
522 2514 585 2568 tuis.
628 2514 703 2567 Nihil
725 2514 786 2569 Sex.
807 2513 904 2566 Aelius
924 2514 986 2580 tale,

140 2591 206 2644 nihil
224 2590 317 2643 multis
335 2590 413 2643 aunis
432 2594 496 2643 ante
512 2590 550 2643 Ti.
566 2590 756 2657 Coruncanius,
772 2589 840 2642 nihil
857 2589 937 2642 modo
956 2589 985 2643 l'.

140 2667 260 2734 Crassus,
273 2683 289 2719 a
301 2665 401 2735 quibus
410 2665 475 2733 jura
484 2664 588 2719 civibus
599 2664 862 2734 praescribebantur,
870 2681 985 2732 quorum

140 2758 226 2809 usque
245 2742 281 2795 ad
300 2744 453 2793 extremum
473 2740 599 2808 spiritum
619 2743 662 2793 est
683 2747 811 2809 provecta
832 2740 985 2808 prudentia.
1020 2801 1023 2805 ,

140 2822 182 2871 28.
209 2816 309 2873 Orator
332 2817 425 2869 metuo
444 2832 478 2868 ne
502 2815 660 2883 languescat
681 2819 827 2885 senectute,
848 2820 891 2870 est
913 2817 985 2869 enim

140 2890 237 2945 munus
251 2891 310 2959 ejus
326 2908 379 2943 non
395 2890 497 2959 ingenii
514 2891 601 2943 solum
616 2891 665 2943 sed
681 2892 798 2944 laterum
812 2892 895 2945 etiam
908 2895 937 2945 et
948 2891 986 2942 ri-

140 2966 219 3021 rium.
255 2968 371 3019 Omnino
383 2982 511 3020 canorum
525 2966 594 3018 illud
608 2966 637 3018 in
649 2983 714 3019 voce
727 2966 891 3035 splendescit
904 2967 986 3019 etiam

139 3042 230 3095 neseio
242 3060 296 3111 quo
307 3045 387 3111 paeto
398 3042 427 3094 in
440 3045 589 3107 senectute,
602 3042 676 3109 quod
691 3041 819 3109 equidem
833 3040 922 3093 adhuc
934 3058 986 3093 non

141 3116 227 3183 amisi,
243 3117 273 3171 et
287 3117 386 3171 videtis
402 3132 495 3171 annos.
533 3115 589 3169 Sed
608 3120 700 3169 tamen
720 3115 834 3168 decorus
853 3119 896 3167 est
915 3116 988 3166 senis

142 3208 231 3246 sermo
245 3194 354 3261 quietus
371 3195 401 3245 et
418 3193 557 3257 remissus,
574 3190 695 3258 facitque
712 3204 843 3258 persaepe
859 3189 918 3256 ipsa
936 3184 988 3238 sibi
