2200 3450
146 155 176 203 St
370 153 407 202 Μ,
427 151 553 202 TULLII
574 152 764 202 CICERONIS

144 249 199 286 uon
210 235 317 301 potest:
334 232 434 287 deiude
434 249 535 302 ,quum
548 233 643 287 simids
654 250 750 310 sensus
761 233 871 288 exstitit
882 235 991 302 amoris,

144 309 168 362 si
184 307 302 376 aliquem
319 309 393 362 nacti
413 325 505 362 sumus
524 309 603 396 cujus
621 303 683 362 cum¹
703 309 825 362 moribus
844 314 874 363 et
893 314 993 364 natura

143 399 330 452 congruamus,
341 384 434 452 quod
427 403 454 436 ιιι
467 401 498 437 oo
519 385 598 451 quasi
613 385 705 437 lumen
720 384 831 452 aliquod
846 384 993 452 probitatis

144 463 174 513 ot
194 460 305 520 virtutis
323 461 477 528 perspicere
499 459 663 512 videamur.
691 466 732 514 28.
761 461 901 514 Nihilt
858 465 901 515 est
920 462 992 514 enim

144 531 287 589 amabilius
299 535 417 599 virtute;
373 535 500 588 tnihil
516 535 592 603 quod
610 535 707 602 magis
705 535 814 589 alliciat
826 537 862 589 ad
881 537 993 605 diligen-

145 609 223 663 dum
252 611 352 679 quippe
375 629 460 680 quum
481 617 596 682 propter
617 615 704 667 virtut
706 619 799 668 emet
829 615 994 682 probitatem
1093 604 1095 678 J

144 685 230 738 etium
243 701 289 738 eos
302 703 370 754 qnos
388 704 528 774 nunquam
541 689 657 742 vidimus
670 689 793 758 quodam
807 691 888 742 modo
900 691 994 757 diligu-

144 777 211 814 mns.
236 761 302 824 Quis
315 765 358 814 est
371 763 416 828 qui
430 763 459 815 O.
470 763 597 829 Fabricii,
606 765 643 816 M’
645 765 735 817 .Curii
745 781 798 816 non
808 782 869 818 oum
879 767 995 818 caritate

146 835 238 903 aliqua
259 839 288 888 et
306 833 495 888 benevolentia
513 837 672 889 memoriam
681 847 688 892 ξ
695 840 816 904 usurpet,
834 851 905 904 quos
928 853 995 889 nun·

147 927 228 978 quam
241 911 360 964 videritt
396 911 462 974 Quis
475 914 567 963 autem
584 911 686 979 estqui
703 911 879 979 Tarquinium
896 912 994 978 Super·

147 985 218 1052 bum,
232 987 278 1054 qui
292 986 335 1054 Sp.
353 985 483 1052 Cassium,
503 987 546 1054 Sp,
565 986 694 1038 llaolium
710 996 764 1039 non
779 982 889 1040 oderitl
925 987 993 1040 Oum
1046 1006 1049 1013 ·

146 1061 252 1115 duobus
273 1062 388 1116 ducibus
409 1062 575 1129 dciruperio
596 1062 624 1113 in
646 1063 728 1115 ltalia
751 1063 921 1116 decertatum
942 1065 993 1127 est,
1093 1110 1095 1129 ς

147 1137 250 1204 Pyrrho
263 1141 291 1191 et
304 1137 450 1190 Annibale.
482 1135 528 1190 Ab
537 1137 623 1191 altero
635 1141 748 1207 propter
759 1137 924 1207 probitatem
934 1136 994 1205 ejus
1093 1136 1095 1139 ’

146 1230 199 1266 non
220 1214 300 1266 nimis
318 1213 419 1267 alienos
443 1213 718 1278 animos.habemus;
740 1214 858 1267 altorum
881 1216 995 1281 propter

146 1289 337 1342 crudelitatem
350 1306 457 1357 semper
468 1289 643 1342 haeccivitas
654 1290 751 1342 oderit.
854 1329 858 1336 .

199 1365 248 1418 IX.
261 1371 301 1419 29.
328 1365 404 1428 Quod
417 1365 440 1418 si
453 1368 531 1418 tanta
542 1363 583 1417 vis
595 1363 740 1433 probitatis
752 1369 794 1426 est
805 1369 837 1419 ut
847 1364 992 1420 eamvelin

147 1441 186 1496 eis
198 1458 266 1509 quos
277 1458 415 1511 nunquam
428 1440 553 1507 vidimus,
562 1441 614 1508 vel,
626 1440 700 1508 quod
712 1440 799 1508 majus
812 1445 861 1508 est,
874 1441 902 1493 in
915 1440 994 1494 hoste

146 1517 229 1570 etiam
246 1517 398 1585 diligamus,
413 1516 480 1584 qnid
494 1516 595 1580 mirum
612 1517 635 1569 si
651 1517 734 1569 animi
750 1517 888 1569 hominnm
904 1532 993 1568 move

146 1596 233 1659 antur,
247 1610 331 1661 quum
343 1609 436 1646 eomm
444 1592 604 1659 quibuscum
611 1607 663 1643 usu
670 1590 807 1660 conjuncti
814 1607 874 1644 esse
880 1594 994 1660 possunt
1093 1620 1095 1637 ι

114 1689 123 1708 ι
146 1667 276 1743 virtutem
296 1672 325 1721 et
335 1669 495 1742 ¹bonitatem
517 1665 674 1737 perspicere
697 1669 860 1722 videanturl
897 1668 994 1731 Quam·
1093 1733 1094 1736 Ἴ

147 1760 238 1811 quam*
249 1746 424 1798 confirmatur
440 1749 562 1799 amores
578 1745 710 1798 beneficio
727 1748 838 1812 accepto
856 1748 885 1797 et
903 1743 994 1795 studio
1065 1764 1073 1776 =

146 1826 290 1887 perspecto
308 1824 338 1873 et
355 1821 550 1874 consuetudine
567 1821 711 1885 adjuncta3
730 1820 829 1887 quibus
853 1820 935 1872 rebus
958 1818 994 1871 ad

146 1895 223 1947 illum
240 1896 360 1963 primum
379 1899 484 1949 motum
505 1896 588 1949 animi
607 1900 636 1949 et
652 1897 751 1948 amoris
765 1895 897 1948 adhibitis
910 1894 994 1947 admi-

147 1970 240 2023 rabilis
260 1972 393 2039 quaedam
410 1972 564 2025 exardescit
587 1971 758 2025 benevolent'
738 1976 793 2025 t1ae
818 1970 994 2038 magnitudo.

148 2052 229 2113 quani
242 2046 264 2099 si
277 2047 324 2115 qui
337 2051 443 2115 putant
424 2048 483 2101 tab
495 2038 683 2100 imbecillitate
695 2047 835 2115 proficisci,
851 2050 882 2099 ιιι
896 2045 932 2098 sit
946 2062 995 2112 per

148 2138 228 2189 quem
239 2126 401 2190 assequatur
414 2123 487 2211 quod
500 2123 616 2192 quisque
628 2123 775 2190 desideret,
784 2122 914 2174 humilem
930 2137 994 2173 sane

147 2198 306 2265 relinquunt
325 2201 354 2251 et
370 2198 481 2251 minime
497 2215 667 2266 generosum,
687 2202 729 2252 ut
734 2199 775 2252 ita
790 2198 887 2262 dicam,
904 2199 994 2249 ortum

147 2274 282 2328 amicitiae
295 2292 376 2343 quam
386 2291 420 2329 ex
432 2275 524 2343 inopia
535 2278 619 2343 atque
631 2274 783 2341 indigentia
792 2277 883 2325 natam
893 2272 994 2324 volunt.

148 2350 228 2415 Quod
240 2350 262 2402 si
275 2351 314 2404 ita
326 2354 406 2418 esset,
419 2354 451 2404 ut
465 2350 580 2418 quisque
593 2351 732 2402 minimum
752 2350 779 2401 in
799 2366 828 2401 se
847 2364 907 2400 esse
924 2346 994 2398 arbi-

147 2429 275 2493 traretur,
288 2427 327 2480 ita
339 2427 375 2480 ad
387 2393 533 2480 amicitiam
547 2430 620 2479 esset
631 2426 805 2493 aptissimus:
825 2423 899 2491 quod
915 2423 979 2488 long
961 2438 994 2473 ve

148 2518 225 2555 secus
245 2507 294 2555 est.
329 2508 370 2555 30.
389 2502 429 2555 Ut
417 2504 513 2555 tanim
526 2502 641 2570 quisquo
654 2502 705 2555 s1b1
716 2501 863 2569 plurimum
882 2497 995 2551 confidit

148 2580 177 2630 et
188 2578 352 2645 utquisque
367 2578 485 2630 maxime
503 2579 606 2631 virtute
625 2582 654 2631 et
673 2571 806 2665 sapientia
820 2576 859 2628 sic
874 2573 995 2625 munitus

148 2656 218 2706 estu
179 2652 312 2706 ttnullo
325 2656 404 2719 egeat
411 2669 513 2720 suaque
526 2654 617 2706 omnia
627 2654 654 2705 in
668 2653 768 2720 seipso
783 2652 873 2719 posita
880 2648 995 2715 judicet,

148 2729 209 2780 ita
202 2745 230 2780 111
242 2728 367 2801 amicitiis
385 2729 545 2795 expetendis
559 2728 745 2817 colendisque
748 2728 867 2780 maxime
879 2722 995 2777 excellit

149 2803 221 2867 Quid
230 2798 302 2856 euim
312 2803 455 2857 Africanus
467 2805 593 2872 indigens
605 2822 659 2857 mer
668 2809 678 2858 l
713 2804 827 2856 Minime
838 2799 944 2853 hercle:
964 2812 995 2850 ao

148 2896 183 2931 ne
196 2895 246 2945 ego
258 2878 370 2945 quidem
382 2879 471 2944 illius3
480 2881 537 2934 sed
550 2897 601 2947 ego
617 2870 797 2933 admiratione
810 2876 927 2946 quadam
943 2874 996 2927 vir-

149 2954 255 3008 tutis
230 2971 297 3022 eJus,
298 2956 392 3008 ille'
367 2957 489 3017 vicissim
497 2956 623 3029 opinione
639 2956 756 3007 fortasse
770 2951 900 3005 nonnulla
914 2965 996 3024 quam

149 3030 185 3083 <le
203 3030 271 3081 meis
289 3031 409 3083 moribus
431 3030 549 3084 habebat
537 3035 616 3084 tme
638 3029 752 3092 dilexit3
778 3027 865 3079 auxit
881 3015 995 3077 bonevo

149 3104 214 3160 lent
194 3110 261 3160 tram
271 3110 382 3159 consuet
371 3106 444 3159 t.udo
480 3106 535 3157 Sed
543 3120 707 3171 quamquam
714 3103 848 3155 utll1tates
857 3100 959 3153 multae
968 3101 998 3151 et

131 3198 263 3254 *magnae
284 3184 445 3234 consecutae
463 3181 534 3244 sunt,
545 3194 598 3229 non
614 3181 678 3229 sunt
694 3180 785 3261 tamen
796 3176 832 3228 ab
844 3190 936 3227 earum
950 3190 999 3241 spo
