2200 3450
116 169 147 214 88
343 164 381 212 Μ.
399 163 527 213 TULLII
549 163 739 211 OIOERONIs

115 264 218 316 genera
236 247 291 301 duo
311 263 381 315 quae
399 263 444 299 me
468 260 567 312 ariagne
591 260 674 311 opere
699 243 838 296 delectant
845 263 852 308 ;
881 259 965 298 unum

58 348 61 352 >
115 323 249 378 familiare
263 326 293 377 et
300 322 432 391 jocosum,
445 321 563 375 alterum
580 337 706 374 severum
723 324 752 373 et
765 336 856 388 grave.
893 321 965 374 Utro

115 417 160 454 me
175 401 264 453 minus
279 399 376 453 deceat
390 400 431 452 uti
448 415 501 450 non
514 397 645 464 intelligo.
681 398 700 450 J
702 414 800 450 oceme
812 401 903 450 tecum
915 413 965 465 per

116 477 228 530 literasl
264 477 357 529 Civem
372 474 527 528 mehercule
543 490 597 527 non
613 477 681 542 puto
695 490 755 527 esse
770 474 817 542 qui
835 473 965 541 tempori-

117 552 167 605 bus
190 553 234 606 his
256 552 349 606 ridere
372 553 466 620 possit.
504 554 550 604 An
574 551 684 618 gravium
700 549 808 618 ‘aliquid
827 548 964 603 scribam?

115 628 183 696 quid
207 632 251 682 est
275 627 350 697 quod
373 628 459 696 possit
482 627 605 694 graviter
628 643 645 678 a
661 625 798 680 ¹Cicerone
822 623 903 678 scribi
928 624 964 676 ad

116 705 262 780 (lurionem
285 705 336 758 nisi
355 705 391 758 de
409 721 439 757 re
462 702 593 772 publicai
629 705 724 770 Atque
743 703 771 754 in
792 701 843 755 hoe
863 719 964 769 genere

116 782 183 834 liaeo
194 797 256 835 mea
268 786 410 846 causaest,
423 783 455 833 ut
467 796 557 848 neque
571 795 604 832 ea
616 795 686 846 quae
698 795 769 832 nunc
781 779 870 832 sentio
881 779 962 830 velim

115 856 243 910 scribere.
280 855 470 920 Quamobrem,
483 856 610 923 quoniam
627 854 693 908 milri
709 854 814 907 nullum
827 853 963 907 scribendi

115 932 306 998 argumentum
330 932 454 985 relictum
474 935 525 997 est,
543 935 607 984 utar
618 939 657 984 'ea
674 930 794 983 clausula
811 947 865 998 qua
883 929 963 995 soleo,

115 1012 198 1074 toque
210 1007 247 1061 ad
259 1008 380 1061 studium
393 1023 514 1061 summae
526 1007 616 1061 laudis
627 1006 798 1061 cohortabor.
829 1006 879 1060 Itst
891 1006 963 1058 euim

115 1082 167 1136 tibi
181 1083 272 1151 gravis
287 1084 444 1137 adversaria
459 1084 612 1137 constituta
629 1085 658 1137 et
675 1086 778 1152 parato,
796 1081 964 1136 incredibilis

115 1159 251 1226 quaedam
263 1160 438 1228 exspectatio,
450 1176 532 1227 quam
544 1164 577 1213 tu
588 1176 643 1212 una
651 1175 681 1212 re
692 1158 820 1212 facillime
831 1159 928 1225 vinces,
940 1159 963 1210 si

115 1235 166 1288 hoc
178 1236 315 1303 statueris,
328 1252 443 1304 quarum
455 1235 567 1288 laudum
578 1235 693 1303 gloriam
706 1234 851 1301 adamatis,
863 1234 963 1303 quibus

115 1312 220 1365 artibus
232 1329 281 1366 cae
293 1312 388 1365 laudes
400 1315 599 1380 comparantur,
609 1313 636 1364 in
649 1312 682 1364 iis
691 1327 751 1365 esse
760 1310 962 1370 elaborandum,

118 1390 150 1441 ln
167 1389 237 1443 hanc
253 1391 417 1443 sententiam
434 1388 583 1442 scriberem
598 1388 683 1456 plura,
695 1387 748 1441 nisi
763 1390 793 1440 te
805 1391 854 1440 tua
866 1390 963 1456 sponte

115 1466 182 1517 satis
193 1462 337 1519 incitatum
349 1481 409 1519 esse
422 1464 602 1517 confiderem:
624 1467 653 1517 ot
670 1463 721 1517 hoc
734 1463 868 1532 quidquid
882 1463 962 1530 attigi

115 1557 168 1593 uon
183 1541 236 1594 ieci
252 1539 436 1595 inflammandi
451 1540 492 1593 tui
512 1556 594 1592 causa
612 1539 661 1592 sed
679 1539 845 1593 testificandi
863 1540 962 1592 amoris

115 1632 175 1670 mer.
676 1665 677 1668 ,

107 1701 113 1709 ’
349 1713 388 1761 aa.
422 1709 685 1760 cronao'nauuo
702 1709 726 1758 s

368 1803 437 1864 (xm.
451 1804 490 1849 14.
524 1814 551 1850 Δ.
566 1813 591 1849 u.
605 1773 707 1862 ellit.)

116 1881 148 1935 L.
160 1880 231 1935 'litio
246 1880 388 1948 Strabone,
400 1881 493 1951 equite
506 1881 638 1947 Romano,
649 1881 678 1934 in
690 1879 787 1950 primis
802 1881 917 1935 honesto
933 1883 962 1935 et

114 1960 211 2010 ornato
225 1956 435 2011 familiarissime
448 1960 519 2012 utor.
557 1957 655 2010 Omnia
671 1957 737 2009 mihi
752 1973 813 2010 cum
830 1973 863 2009 eo
878 1947 961 2010 inter·

114 2032 215 2086 cedunt
225 2032 291 2100 jura
307 2049 428 2085 summae
444 2033 660 2087 necessitudinis.
697 2032 771 2085 Iluie
789 2033 817 2085 in
836 2038 884 2086 tua
900 2048 962 2101 pro

115 2109 200 2161 vincia
215 2108 357 2177 pecuniam
369 2108 453 2161 debet
467 2108 495 2162 P.
509 2109 659 2163 Cornelius.
695 2109 735 2161 Ea
746 2125 791 2161 res
803 2125 820 2161 a
830 2108 962 2173 Volcatio,

114 2186 161 2253 qui
177 2185 280 2239 Romae
292 2183 340 2252 jus
353 2184 429 2252 dicit,
442 2184 546 2252 rejecta
561 2185 589 2237 in
604 2185 719 2239 Galliam
737 2188 787 2238 cst.
824 2184 892 2238 Peto
905 2200 921 2237 a
932 2189 962 2238 te

114 2261 165 2315 lroc
183 2262 342 2331 diligentius
360 2260 483 2330 quamsi
500 2277 562 2315 mea
576 2277 621 2315 res
640 2265 720 2337 essct²
734 2277 788 2329 quo
806 2261 962 2325 osthenes

113 2339 169 2391 tius
190 2338 226 2392 de
245 2339 392 2392 amicorum
410 2338 525 2406 pecunia
547 2336 674 2391 laborare
693 2353 776 2405 quam
796 2336 831 2392 de
856 2353 911 2403 sua,
930 2340 962 2390 ut

113 2415 252 2483 negotium
272 2414 467 2468 conficiendum
487 2430 574 2481 cures,
589 2414 647 2483 ipse
667 2412 804 2481 suscipias,
818 2413 962 2481 transigas,

113 2507 278 2560 operamque
291 2491 347 2557 des,
361 2490 451 2559 quoad
464 2489 516 2543 tibi
527 2506 645 2558 aequum
658 2493 687 2543 et
698 2493 805 2543 rectum
814 2487 962 2555 videbitur,

113 2570 144 2620 ut
163 2582 243 2634 quam
262 2565 479 2619 commodissima
496 2564 652 2618 conditione
671 2564 788 2617 libertus
813 2564 961 2627 Strabonis,

113 2642 161 2711 qui
181 2641 242 2709 ejus
261 2642 302 2694 rei
322 2658 403 2695 causa
421 2641 520 2693 missus
544 2645 595 2707 cst,
616 2642 756 2710 negotium
781 2641 906 2695 conficiat
926 2640 962 2693 acl

112 2734 291 2786 nummosque
307 2718 456 2787 perveniat.
493 2717 528 2770 Id
540 2721 569 2771 et
582 2718 649 2771 milri
661 2717 846 2787 gratissimum
859 2718 919 2787 erit,
933 2720 962 2770 et

113 2795 218 2862 tuipse
235 2793 266 2848 Il.
282 2794 384 2847 'litium
398 2810 542 2861 cognosces
561 2794 681 2847 amicitia
698 2798 746 2848 tua
763 2793 960 2861 dignissimum.

114 2869 193 2935 Quod
210 2872 243 2923 ut
259 2869 311 2923 tibi
328 2885 410 2924 curae
427 2871 470 2936 sit,
487 2874 520 2923 ut
538 2870 628 2924 omnia
646 2871 734 2925 solent
751 2886 811 2924 esse
830 2886 900 2937 quae
916 2886 961 2921 me

112 2946 183 3000 velle
195 2945 256 3011 scis,
268 2950 297 3000 te
308 2946 484 3000 vehementer
496 2947 580 3000 etiam
593 2949 677 3014 atque
689 2947 772 2999 ctiam
784 2960 858 3013 rogo.
964 3014 968 3023 ¹

336 3057 375 3105 89.
406 3055 533 3104 CICERO
549 3055 736 3104 TREBATIO.

382 3136 476 3189 (v11.7.
510 3151 537 3186 a,
550 3150 576 3185 e.
589 3149 611 3185 o.
626 3136 692 3196 700.)

114 3206 214 3274 ligeto
227 3208 417 3261 cenrnrcndare
429 3224 483 3261 non
495 3208 616 3273 desisto;
634 3206 682 3260 sed
695 3206 762 3274 qnid
774 3208 914 3275 proficiam
927 3223 961 3261 nx
