2200 3450
121 140 154 189 64
431 144 606 192 EPISTOLA

120 226 263 294 dignitatis
279 226 396 294 insignia
414 242 495 293 quani
513 224 667 292 potestatis.
711 223 772 277 'loti
794 223 914 292 denique
935 225 973 278 sit

118 302 272 371 provinciae
283 302 421 369 cognitum
432 300 484 354 tibi
494 300 615 353 omnium
624 300 724 368 quibus
732 299 970 369 praesissalutem,

118 378 225 445 liberos,
238 377 345 442 famam,
358 377 481 430 fortunas
493 393 553 430 esse
565 376 724 429 carissimas.
761 375 888 445 Denique
904 377 971 430 haec

119 455 208 522 opinio
220 455 263 518 sit,
280 471 334 507 non
351 454 433 507 modo
450 454 484 506 iis
502 453 550 521 qui
569 451 673 520 aliquid
690 453 845 522 acceperint
866 452 916 506 sed
937 453 971 506 iis

120 531 202 584 etiam
228 530 276 599 qui
302 529 431 584 dederint
456 535 485 584 te
510 530 658 593 inimicum,
690 530 713 582 si
742 528 773 582 id
803 531 970 600 cognoveris

119 607 248 660 futurum.
283 606 382 675 Neque
397 623 462 660 vero
478 606 624 674 quisquam
640 605 726 672 dabit,
745 622 830 674 quum
849 606 903 659 erit
920 605 971 658 hoe

119 687 300 751 perspectum,
324 683 391 735 nihil
415 699 465 750 per
488 699 534 736 eos
559 682 606 750 qui
631 682 760 736 simulant
784 699 813 736 se
840 681 915 750 apud
941 685 971 735 te

119 758 236 812 multum
247 776 327 826 posse
342 758 392 812 abs
407 763 437 812 te
452 759 541 812 solere
556 759 706 826 impetrari.
744 765 783 812 14.
802 757 828 811 N
830 774 862 811 ec
878 760 970 811 tamen

119 835 186 887 haee
201 836 287 888 oratio
303 851 365 888 mea
380 839 424 888 est
439 834 574 902 ejusmodi
589 838 622 888 ut
637 838 666 888 te
682 835 710 887 in
726 837 789 888 tuos
804 838 853 887 aut
871 834 971 886 durum

119 927 180 964 esse
196 910 310 964 nimium
327 914 376 965 aut
393 911 571 980 suspiciosum
590 911 678 964 velim.
714 911 741 964 N
742 927 786 964 am
803 911 826 963 ιι
844 909 907 978 quis
928 913 971 963 est

119 1002 221 1054 eorum,
236 987 284 1055 qui
296 986 349 1040 tibi
362 987 466 1041 biennii
477 989 570 1056 ,spatio
585 1003 733 1056 numquam
748 987 776 1039 in
791 985 971 1054 suspicionem

119 1062 252 1116 avaritiae
273 1062 386 1130 venerit,
407 1067 439 1117 ut
460 1081 510 1132 ego
532 1065 658 1118 Caesium
680 1066 710 1117 et
734 1062 918 1130 Chaerippum
942 1065 971 1116 et

120 1137 274 1192 Labeonem
289 1143 319 1193 et
332 1139 413 1192 audio
428 1143 464 1203 et,
480 1140 545 1209 quia
559 1157 610 1207 cog
592 1141 680 1203 0,novi
695 1140 828 1205 existimo,
844 1138 912 1191 nihil
928 1141 984 1211 est*
1089 1209 1090 1212 Ἴ

120 1213 194 1282 quod
212 1230 275 1268 ιιι
284 1215 342 1269 et
334 1216 369 1268 ris
389 1219 419 1269 et
439 1216 475 1268 si·
472 1217 546 1284 -quis
568 1220 611 1269 est
599 1215 700 1269 tulius
721 1214 919 1283 ejusdemmodi
942 1217 971 1268 et

119 1289 254 1345 committi
271 1294 301 1345 et
317 1292 393 1346 credi
405 1292 558 1346 rectissime
570 1295 671 1370 putem.
708 1290 796 1344 Sed
775 1309 798 1344 ιι
811 1291 871 1360 quis
886 1291 970 1344 estin

120 1383 175 1434 quo
185 1367 244 1435 jam
261 1367 414 1435 offenderis,
431 1369 468 1423 de
483 1386 538 1438 quo
556 1357 662 1436 aliquid
680 1367 804 1434 senseris,
823 1367 886 1420 huie
902 1366 970 1422 nihil

119 1442 277 1532 credideris,
303 1445 405 1498 nullam
431 1449 538 1513 purtem
568 1443 777 1498 existimationis
806 1446 871 1498 tuae
900 1459 971 1496 com-

119 1518 235 1575 miseris.

173 1595 207 1648 V.
228 1602 267 1649 15.
287 1597 319 1648 ln
331 1595 468 1664 provincia
480 1611 545 1648 vero
557 1595 623 1664 ipsa,
637 1593 660 1646 si
672 1611 754 1662 quem
770 1611 799 1647 es
813 1599 909 1648 nactus
924 1595 971 1663 qui

120 1674 148 1724 ιιι
164 1675 241 1725 tuam
256 1672 470 1727 fainiliaritatem
486 1671 596 1741 penitus
612 1670 730 1738 intrarit,
746 1670 794 1740 qui
812 1670 889 1723 nobis
907 1677 970 1724 ante

120 1748 204 1801 luerit
219 1749 336 1816 ignotus,
353 1748 415 1802 huie
432 1751 565 1817 quantum
582 1746 748 1801 eredendum
766 1747 803 1801 sit
818 1746 899 1813 vide;
917 1764 970 1803 nou

121 1824 187 1891 quin
201 1824 306 1892 possint
320 1824 400 1878 multi
416 1840 476 1877 esse
491 1824 670 1893 provinciales
686 1823 738 1878 viri
754 1823 837 1889 boni3
854 1825 904 1878 sed
921 1824 971 1878 hoo

121 1916 231 1967 sperare
250 1900 323 1966 licet,
340 1900 468 1968 judicare
487 1900 670 1969 periculosum
695 1904 744 1954 est.
780 1899 876 1953 Multis
900 1900 969 1955 onim

121 1975 324 2029 simulationum
336 1975 481 2030 involucris
492 1977 597 2045 tegItur
606 1979 635 2030 et
643 1976 722 2044 quasi
731 1975 798 2030 velis
808 1974 970 2044 quibusdam

121 2050 281 2105 obtenditur
297 2052 378 2105 unius
395 2052 528 2121 cujusque
545 2056 659 2107 natura:
680 2052 762 2118 frons,
783 2051 860 2119 oculi,
880 2052 971 2105 vultus

122 2144 252 2197 persaepe
269 2129 457 2194 mentiuntur;
475 2129 563 2183 oratio
581 2144 645 2182 vero
667 2128 830 2195 saepissime.
874 2128 972 2192 Quam·

122 2204 216 2258 obrem
234 2205 281 2273 qui
298 2209 377 2273 potes
395 2205 517 2274 reperire
534 2221 569 2258 ex
587 2222 619 2258 eo
637 2221 738 2273 genere
758 2203 904 2271 hominum,
926 2203 970 2271 qui

122 2282 253 2349 pecuniae
266 2281 418 2350 cupiditate
435 2281 549 2335 adducti
565 2284 677 2335 careant
692 2280 726 2333 iis
742 2280 825 2334 rebus
840 2280 971 2347 omnibus¹

122 2373 139 2410 a
163 2357 262 2427 quibus
285 2374 335 2411 nos
360 2357 459 2410 divulsi
485 2374 545 2411 esse
570 2374 623 2409 non
649 2372 800 2424 possumus,
826 2360 855 2409 te
881 2360 971 2409 autem

122 2433 240 2487 alienum
252 2434 388 2487 hominem
398 2436 492 2487 ament
508 2450 543 2487 ex
558 2432 648 2486 animo
664 2448 696 2485 ac
711 2448 764 2483 non
781 2432 823 2485 sui
839 2431 970 2485 commodi

123 2526 205 2574 causa
225 2510 372 2563 simulanti
416 2508 487 2563 Mihi
508 2507 621 2576 quidem
643 2524 822 2576 permagnum
847 2508 971 2572 videtur;

123 2584 285 2653 praesertim
301 2584 325 2637 si
339 2584 424 2639 iidem
441 2583 565 2638 homines
582 2584 718 2652 privatum
736 2600 789 2636 non
807 2583 865 2637 fere
884 2598 973 2651 quern-

124 2677 213 2729 qnam,
225 2663 366 2728 praetores
378 2677 486 2729 semper
502 2676 595 2713 omnes
612 2662 710 2713 amant.
745 2659 806 2723 'Quo
823 2676 858 2713 ex
875 2674 974 2727 genero

124 2737 147 2789 ιι
160 2753 242 2804 quem
254 2736 324 2789 forte
335 2736 378 2789 tui
390 2736 512 2803 cognosti
526 2736 713 2801 amantiorem,
726 2734 786 2787 ficri
796 2734 868 2787 enim
877 2734 974 2803 Ῑιιιιιιι,

125 2830 206 2880 quam
223 2813 361 2881 temporis,
377 2812 449 2866 hunc
465 2829 531 2867 vero
547 2813 584 2867 ad
600 2816 679 2865 tuum
697 2828 841 2864 numerum
859 2811 975 2865 linaria·

124 2887 288 2942 adscribito:
305 2889 346 2941 sin
365 2892 457 2942 autem
474 2888 505 2941 id
521 2905 576 2941 non
593 2888 749 2956 perspicies,
768 2887 872 2939 nullum
890 2904 951 2953 goa
954 2904 975 2939 e

125 2964 204 3018 erit'
196 2980 225 3017 ιι
243 2964 429 3019 familiaritate
446 2965 597 3019 cavendum
622 2963 716 3030 magis,
735 2966 882 3031 propterea
903 2974 974 3043 quim

124 3044 155 3094 et
166 3056 260 3094 omnes
271 3041 329 3094 vias
340 3040 470 3129 pecuniae
482 3044 583 3093 norunt
600 3042 629 3093 et
644 3038 734 3091 omnia
749 3037 880 3125 pecuniae
896 3056 922 3091 ι
937 3056 977 3095 aa

126 3116 236 3184 faciunt,
258 3120 287 3170 et
303 3117 413 3185 quicum
432 3115 529 3170 victuri
547 3132 600 3169 non
617 3118 688 3179 sunt,
704 3113 764 3179 ejus
781 3112 976 3169 existimationi

130 3190 268 3248 ιιιιιιιιι
290 3207 345 3246 ιιι
366 3194 469 3246 evirant
522 3195 562 3244 16.
590 3190 685 3257 Atque
711 3188 793 3241 etiam
821 3204 836 3239 e
864 3188 978 3247 (tramis
