2200 3450
89 172 136 218 loo
318 167 356 218 M.
375 167 502 218 TULLII
520 165 708 215 crcu‘noa‘ls

87 257 191 306 rentur.
227 247 284 302 Sed
299 252 331 302 ιιι
347 264 379 302 co
394 251 518 315 tempore
533 264 587 299 nen
604 249 684 300 mode
701 250 759 316 ipse
776 247 866 313 fautor
878 246 936 315 dig-

87 327 183 381 nitatis
210 328 275 379 tuae
302 324 341 377 fui
365 341 459 377 verum
486 324 571 377 etiam
600 323 698 376 ceteris
727 328 822 376 auctor
849 323 885 376 ml
908 327 937 377 te

86 400 281 471 adjuvandum,
294 400 333 452 sic
345 417 389 453 me
406 417 478 454 nune
493 399 616 468 Pompeii
629 399 749 467 dignitas
763 399 938 454 vehementer

87 481 187 532 movet.
222 476 337 546 Aliquot
356 477 429 530 enim
446 480 510 530 sunt
528 477 592 529 amri
610 491 693 543 quum
710 491 757 528 ves
777 475 832 527 duo
848 475 938 544 delegi

87 570 155 624 quos
178 553 323 622 praecipue
349 552 466 604 colerem
490 557 520 605 et
543 550 643 620 quibus
672 567 760 605 essem
785 552 855 604 sicut
878 555 938 604 sum

88 629 273 683 amicissimus
311 627 494 692 Quamobrem
506 646 523 682 a
535 633 565 682 te
576 631 642 698 pcto
654 627 697 682 vel
709 628 800 696 potius
813 629 939 682 omnibus

88 706 215 774 precibus
233 707 263 758 te
283 720 331 757 oro
350 707 380 757 et
398 703 522 758 obtestor
540 709 573 758 ut
596 705 625 758 in
644 705 699 758 tuis
723 705 848 758 maximis
867 705 939 760 curis

87 781 193 851 aliquid
211 780 353 848 impertias
370 782 503 849 temperis
519 781 581 834 huic
596 794 706 849 queque
723 781 889 850 cogitationi,
902 785 939 836 'ut

88 864 135 911 tuo
155 856 287 911 beneficio
306 856 393 910 benus
413 857 461 921 vir,
485 859 590 924 gratus,
609 855 671 924 pius
690 857 810 926 denique
829 874 889 911 esse
910 857 938 910 in

88 934 198 987 maximi
210 932 336 985 beneficii
355 933 486 985 memoria
502 933 612 1001 possim.
649 933 725 998 Quae
742 934 764 986 si
781 936 890 987 tantum
903 934 940 986 ad

88 1010 235 1078 meipsum
254 1007 433 1077 pertinerent,
453 1025 592 1078 sperarem
611 1026 656 1062 me
670 1013 732 1063 ate
748 1013 841 1063 tamen
855 1010 940 1078 impe-

88 1091 243 1151 traturum
261 1085 316 1150 sed,
329 1088 362 1138 ut
376 1085 504 1153 arbitror,
516 1088 546 1140 ct
558 1086 594 1139 ad
606 1088 682 1139 tuam
696 1086 778 1138 iidem
792 1089 822 1139 et
833 1086 869 1139 ad
880 1103 940 1139 rem

88 1163 224 1231 publicam
235 1161 357 1230 pertinet
369 1179 414 1216 me
426 1180 442 1216 e
454 1162 547 1232 paucis
566 1165 595 1216 et
610 1162 645 1215 ad
662 1164 806 1230 utriusque
818 1166 940 1216 vestrum

88 1243 117 1292 et
135 1239 171 1292 ad
185 1238 284 1292 civium
303 1239 475 1292 concordiam
491 1243 582 1308 perte
597 1255 681 1306 quam
696 1239 940 1292 aeemnmodatissi-

79 1333 163 1369 mum
186 1316 346 1369 conservari.
384 1316 443 1383 Ego
468 1333 553 1384 quum
580 1320 660 1369 antea
683 1314 735 1368 tibi
764 1314 810 1368 de·
823 1315 940 1368 Lentulo

87 1392 191 1460 gratias
205 1392 331 1461 egissem,
346 1409 431 1460 quum
450 1393 476 1447 ei
492 1392 575 1446 saluti
590 1391 638 1460 qui
652 1391 719 1444 milri
731 1391 822 1444 fuerat
833 1390 938 1458 fuisses,
965 1409 970 1418 ·

88 1466 181 1522 tamen
197 1469 276 1522 lectis
290 1467 350 1536 ejus
367 1468 462 1533 literis
474 1485 542 1537 quas
562 1467 656 1522 adme
675 1467 832 1536 gratissimo
850 1466 939 1520 animo

87 1545 123 1598 de
135 1549 184 1598 tua
195 1545 363 1599 liberalitate
376 1543 565 1613 beneficioque
582 1544 664 1612 misit,
676 1543 793 1607 eandem
810 1559 854 1595 mc
869 1542 939 1596 salu·

88 1626 143 1674 tem
164 1625 228 1676 ate
247 1621 383 1689 accepisse
403 1621 498 1689 putavi
518 1636 600 1688 quarn
620 1619 684 1684 iiie;
704 1620 732 1672 in
750 1635 832 1688 quem
852 1617 874 1671 si
893 1633 939 1671 me
1001 1616 1004 1623 '

87 1697 219 1766 intelligis
234 1714 294 1751 esse
310 1701 428 1765 gratum,
445 1713 518 1765 cura,
537 1695 659 1763 obsecre,
671 1699 703 1749 ut
718 1695 800 1749 etiam
815 1695 843 1748 in
861 1693 939 1748 Pom-

88 1774 179 1841 peium
192 1791 252 1827 esse
264 1775 372 1841 possim.

319 1892 356 1937 lo.
392 1890 519 1937 CICERO
535 1890 663 1939 ATTICO
680 1892 705 1940 S.

251 1975 436 2037 (senensem,
455 1988 494 2023 rx.
513 1978 552 2025 16.
587 1990 612 2023 n.
626 1988 651 2024 u.
667 1988 689 2026 e.
710 1978 775 2038 705.)
840 1966 845 1979 “

88 2076 179 2139 Quum
198 2072 273 2140 quod
292 2070 439 2125 scriberem
455 2071 492 2124 ad
507 2074 537 2125 te
553 2071 620 2124 nihil
637 2070 776 2137 haberem,
792 2076 885 2126 tamen
904 2089 939 2126 ne

87 2166 170 2219 quem
189 2147 262 2202 diem
280 2147 494 2204 intermitterem
514 2147 564 2201 has
584 2146 650 2199 dedi
671 2146 772 2201 literas.
810 2149 844 2201 A.
857 2148 884 2201 d.
901 2164 938 2202 vr.

89 2225 150 2279 Kal.
174 2224 319 2279 Caesarem
343 2224 486 2278 Sinuessae
507 2240 664 2299 mansurum
686 2224 856 2279 nuntiabant.
891 2224 938 2277 Ab

87 2320 119 2356 ee
133 2301 200 2356 mihi
214 2302 312 2356 literae
329 2300 456 2354 redditae
471 2305 535 2354 sunt
552 2318 574 2354 a
592 2300 618 2353 d.
634 2316 684 2354 vu.
705 2300 821 2353 Kalend.
838 2300 939 2369 quibus

83 2380 142 2447 jam
161 2396 237 2449 opes.
249 2395 325 2433 meas
348 2394 401 2432 non
421 2382 453 2432 ut
477 2378 662 2446 superioribus
686 2376 773 2430 literis
794 2394 873 2445 opem
892 2392 939 2429 ex-

87 2459 200 2525 spectat.
238 2456 327 2519 Quum
355 2455 427 2523 ejus.
441 2453 615 2507 elementIam
643 2453 840 2507 Corfiniensem
863 2452 938 2507 illam

87 2551 136 2601 per
146 2534 240 2586 literas
252 2532 484 2597 collaudavissem,
496 2530 638 2599 rescripsit
649 2530 700 2583 hoe
712 2528 844 2597 exemplo.

207 2664 345 2711 CAESAR
362 2663 439 2711 IMP.
458 2664 721 2735 CICERONIIMP.
741 2665 767 2715 S.
786 2666 818 2713 D.

89 2758 175 2810 ltcctc
190 2759 332 2825 auguraris
349 2758 387 2813 de
403 2776 456 2826 mc,
475 2758 545 2812 bene
564 2760 635 2813 enim
654 2759 705 2813 tibi
724 2760 851 2828 cognitus
869 2776 938 2826 sum,

87 2832 154 2885 nibil
182 2849 199 2886 a
222 2851 267 2887 me
293 2835 391 2889 abesse
419 2835 526 2902 longius
554 2834 725 2889 crudelitate.
764 2838 859 2905 Atque
887 2852 938 2904 ego

87 2926 172 2977 quum
184 2927 219 2963 ex
230 2912 290 2981 ipsa
306 2930 337 2967 re
353 2930 479 2982 magnam
491 2913 568 2981 capio
586 2912 763 2981 voluptatem,
775 2915 835 2967 turn
847 2928 937 2966 meum

86 2986 189 3040 facturn
210 2990 321 3057 probari
337 2991 387 3045 abs
406 2996 435 3043 tc
451 2992 591 3060 triumpho
607 2990 715 3060 gaudie.
753 2990 852 3058 Neque
869 2989 939 3042 illud

87 3079 131 3117 me
152 3069 243 3121 movet
263 3069 337 3137 qued
357 3070 376 3123 ii
395 3070 443 3138 qui
462 3086 479 3123 a
498 3086 543 3123 me
566 3069 671 3123 dimissi
695 3071 759 3123 sunt
782 3066 938 3120 discessisse

88 3140 217 3196 dicuntur
235 3150 268 3200 ut
288 3147 354 3199 milri
373 3164 467 3201 nrrsus
485 3146 587 3199 bellum
604 3147 755 3205 inferrent:
778 3144 845 3196 nibil
866 3143 938 3196 enim

89 3216 159 3301 ¹¹¹qu
183 3237 265 3288 (luam
285 3228 314 3277 et
333 3239 377 3275 mc
396 3222 450 3275 mei
469 3223 585 3277 similem
605 3240 665 3276 esse
685 3228 714 3275 et
733 3222 794 3274 illos
813 3219 862 3272 sui.
898 3218 937 3272 'l'u
