2200 3450
339 172 599 223 EPISTOLARUM
617 173 719 220 LIBRI
737 173 820 222 DUO.
965 184 1012 235 107

152 261 206 313 min
220 271 332 327 possum
347 252 544 308 non-eonfiteri
555 252 695 308 'cumulari
708 267 754 308 me
767 253 888 309 maximo
903 259 1005 324 gaudio

151 332 326 402 quodvulgo
344 329 484 384 hominum
502 328 594 399 opinio
612 328 715 384 socium
732 346 778 384 me
799 331 939 386 adscribat
956 334 1014 387 tuie

151 411 286 465 laudibus.
322 409 466 463 Neminem
481 407 758 462 eumeni-eonvenio
774 411 868 463 autem
887 409 1013 478 quotidie

152 487 291 556 plurimos,
304 488 369 540 munt
381 483 597 554 euim‘permulti
610 483 706 552 optimi
718 483 771 537 viri
783 485 831 555 qui
845 484 1012 540 valetudinis

152 570 234 618 eausa
244 565 272 616 in
288 563 356 616 haee
371 563 431 616 loea
448 558 567 628 veniant,
580 567 725 629 praeterea
741 577 776 614 ex
790 562 945 632 municipiis
959 562 1012 615 ire
1071 606 1076 620 ,

151 643 279 709 quantes
291 639 437 693 necessarii
454 637 610 706 mei-quin
623 651 734 704 omnes,
748 655 833 707 quum
851 641 881 692 te
898 637 1011 694 summis

150 716 279 770 laudibus
290 715 327 770 ad
343 715 448 769 eaelum
465 714 633 782 extulerunt,
651 713 718 768 mild
733 715 863 768 continuo
878 714 1010 768 maximas

149 793 261 858 gratias·
271 794 362 860 agant.
398 791 510 859 Negant
529 790 602 844 onim
621 787 651 844 s'e
662 790 797 844 'dubitare
814 791 928 860 quintu
943 791 1011 844 meis

150 867 306 938 praeceptis
317 872 347 922 et
358 867 478 922 oonsiliis
489 866 691 935 obtemperans·
700 867 967 935 praestantissimum
981 869 1018 920 te‘

149 944 237 999 eivem
254 949 292 999 et·
308 945 474 1013 singularem
487 941 637 998 ¹consulein
655 943 796 1012 praebeas·
833 942 941 1009 ‘Quibus
959 959 1011 1012 ego

150 1034 317 1090 quamquam
328 1020 469 1074 verissime
479 1032 594 1089 >mesum
611 1019 777 1088 respondere
793 1022 823 1074 te
839 1036 911 1089 quae
927 1020 1010 1073 lanias

149 1100 198 1150 tuo
211 1096 319 1165 judicio
336 1100 366 1150 et
382 1100 431 1151 tua
449 1099 548 1165 sponte
565 1097 656 1150 faeere
673 1113 724 1150 neo
747 1097 909 1165 cujusquam
928 1111 1010 1163 egero

150 1173 270 1241 oonsilio,
293 1175 386 1227 tamen
410 1187 501 1241 neque
524 1172 605 1240 plane
629 1173 770 1239 assentior,
792 1187 830 1226 ne
848 1172 1009 1228 imminuam

149 1253 226 1303 tuam
238 1248 356 1314 laudem,
369 1249 392 1302 si
404 1248 491 1302 omnis
499 1265 517 1301 a
525 1247 594 1302 meis
604 1248 724 1302 consiliis
732 1248 856 1316 proiecta
871 1248 1010 1309 videatur,

147 1341 238 1393 neque
249 1325 330 1378 valde
345 1337 417 1392 nego
427 1344 433 1378 :
444 1334 511 1378 ‘sum
528 1325 605 1378 enim-
618 1324 724 1377 avidior
742 1324 825 1377 otiam
844 1340 926 1392 quom
941 1324 1010 1376 satis

148 1405 192 1455 est
208 1400 328 1468 gloriae:
346 1403 487 1454 ettamen
504 1415 559 1452 non·
577 1399 696 1453 alienum
721 1403 764 1454 est
790 1400 928 1468 dignitate
952 1403 1009 1466 tua,

148 1475 224 1545 quod
234 1476 287 1546 ipsi
296 1475 500 1548 'Agamemnoni
512 1484 609 1544 regum
621 1476 681 1544 regi
690 1475 744 1530 luit
754 1475 898 1528 honestum
907 1474 1009 1530 habere

147 1551 267 1621 aliquem
278 1552 306 1606 in
322 1551 442 1606 consiliis
455 1551 603 1620 capiendis·
613 1551 768 1619 Nestorem,
783 1551 851 1605 mihi
869 1567 934 1605 vero
951 1551 1009 1618 glo-

147 1628 249 1682 riosum
272 1631 304 1683 te
322 1627 390 1696 juvo
425 1645 453 1682 m
477 1627 616 1682 consulem
645 1627 744 1682 florere
772 1627 901 1682 laudibus
930 1628 1009 1696 quasi

146 1703 287 1759 alumnum
306 1644 465 1773 diseiaffine
484 1717 571 1759 meae.
607 1705 638 1759 L.
661 1704 773 1774 quidem
795 1705 904 1773 Caesar,
923 1721 1007 1772 quum

146 1781 264 1835 adeum
278 1785 422 1849 aegrotum
440 1781 585 1849 Neapolim
603 1781 748 1846 venissem,
764 1791 928 1849 quamquam
947 1784 1009 1836 erat

146 1863 295 1927 oppressus
318 1858 405 1911 totius
427 1857 548 1926 eorporis
566 1855 714 1925 dolonibus,
731 1860 824 1912 tamen
842 1860 906 1911 ante
925 1873 1008 1925 quam

146 1950 191 1988 me
207 1935 290 2003 plane
307 1934 442 2001 salutavit,
462 1933 486 1986 Ο
503 1933 542 1986 mi
561 1933 664 2002 Cicero,
686 1933 783 2004 inquit,
807 1934 930 2002 gratulor
955 1927 1007 1987 tibi

146 2028 232 2081 quum
255 2014 365 2065 tantum
382 2010 458 2065 vales
475 2010 550 2079 apud
568 2010 740 2065 Dolabellam
758 2013 892 2081 quantum
911 2011 934 2064 si
953 2026 1011 2079 ego·

146 2088 221 2156 apud
244 2087 355 2142 sororis*
368 2085 456 2140 filium
473 2087 600 2155 valerem,
615 2086 675 2155 jam
694 2088 761 2141 salvi
779 2104 840 2143 esse
857 2103 1006 2156 possemus.

146 2163 306 2219 Dolabellae
320 2180 394 2217 -vero
417 2166 466 2218 tuo
483 2165 513 2218 et
529 2164 660 2232 gratulor,
675 2168 708 2218 ‘et
725 2164 830 2231 gratias
847 2180 906 2232 ago,
924 2180 1006 2231 quem

146 2240 258 2307 quidem
276 2243 385 2308 pont'te
401 2240 539 2293 consulem
560 2240 647 2293 solum
666 2256 812 2307 possumus
831 2256 896 2293 rere
913 2256 1007 2295 oonsu-

145 2315 198 2369 lem
212 2317 312 2370 dicere.
347 2315 456 2370 Deinde
468 2316 557 2369 multa
569 2316 605 2369 de
616 2316 689 2369 laeto
701 2329 733 2369 ac
745 2315 782 2370 de
793 2332 825 2370 re
835 2319 929 2384 gesta
945 2319 1006 2371 tum

32 2394 39 2401 ’
145 2391 212 2444 nihil
233 2392 458 2459 magnificentius,
476 2391 543 2444 nihil
565 2391 730 2460 praeclarius
750 2395 843 2447 actum
866 2408 1006 2460 umquam,

145 2467 212 2520 nihil
224 2468 264 2521 roi
277 2467 402 2537 publicae
418 2469 573 2523 saltrmrim.
610 2469 706 2538 Atque
723 2470 792 2523 haee
807 2485 864 2523 una
878 2485 932 2523 vox
948 2486 1004 2523 orn-

144 2544 218 2597 nium
232 2548 282 2597 est
521 2557 542 2582 2
580 2560 582 2565 ·
611 2560 622 2587 ι’
727 2561 729 2567 ’

197 2622 224 2673 A
232 2625 261 2674 te
273 2619 366 2674 autem
376 2622 440 2688 peto
447 2623 483 2674 ut
488 2635 533 2673 me
544 2620 615 2675 hano
626 2622 705 2689 quasi
713 2621 811 2677 falsam
820 2621 1004 2677 hereditatem

143 2695 249 2754 aIienae
259 2695 363 2764 gloriae
379 2696 453 2749 sinas
468 2709 589 2765 eernere,
605 2710 710 2765 meque·
722 2697 814 2766 aliqua
828 2715 863 2751 ex
879 2698 1004 2767 partein

144 2773 304 2827 societatem
316 2775 427 2826 tuarum
438 2771 551 2826 laudum
563 2773 657 2827 venire
673 2774 787 2843 patiare.
824 2774 1003 2847 Quamquam,

142 2847 182 2899 mi
200 2848 351 2914 Dolabella,
366 2848 435 2901 haee
453 2848 526 2902 enim
541 2848 652 2916 jocatus
673 2866 740 2916 suum,
760 2850 890 2905 libentius
909 2866 1004 2905 omnes

142 2937 226 2991 meas,
238 2925 262 2977 si
274 2924 356 2978 modo
368 2928 433 2978 sunt
445 2924 555 2994 aliquae
572 2941 651 2979 ureae
667 2926 773 2994 laudes,
785 2926 822 2980 ad
836 2930 866 2980 te
886 2927 1004 2982 transiu-
1093 2984 1094 2993 ,

143 2998 233 3053 desim
245 3016 328 3069 quam
340 2999 458 3070 aliquam
469 3004 579 3074 partem
593 3001 766 3056 exhauserim
783 3008 817 3057 ex
833 3003 896 3058 tuis.
931 3004 1004 3057 Nam
1093 3014 1094 3069 l

145 3092 230 3148 quum
241 3080 271 3130 te
282 3093 390 3144 seunper
405 3081 515 3132 tantum
533 3078 678 3132 dilexerim
697 3082 830 3148 quantum
849 3082 882 3133 tu
901 3079 1003 3135 intelli-

143 3165 210 3231 gere
227 3153 350 3223 potuisti,
366 3157 427 3208 tum
442 3154 486 3209 his
505 3155 563 3209 tuis
580 3156 661 3212 iactis
678 3157 718 3211 sie
736 3156 863 3210 incensus
886 3167 946 3211 sum
969 3160 1002 3212 ut

143 3226 212 3283 nihil
234 3246 364 3299 umquam
386 3230 416 3285 in
429 3230 533 3285 ‘amore
555 3232 638 3287 fuerit
662 3230 811 3287 ardentius.
854 3232 930 3290 Nihil
959 3237 1003 3297 eat
