2200 3450
110 133 141 179 58
450 125 624 174 EPIeTOLA

106 225 141 262 no
153 209 234 261 domo
247 205 356 274 quidem
377 211 406 259 et
427 207 548 260 cubiculo
570 223 631 261 esse
652 208 788 262 exclusam
810 215 876 276 tuo;
901 213 959 266 toto

107 279 283 352 deniquelin]
292 281 404 348 imperio
414 282 481 335 nihil
494 283 622 338 acerbum
635 301 701 352 esse,
713 285 780 338 nibil
789 287 906 353 crudele,
920 295 959 342 at

106 377 161 426 quo
170 359 259 412 omnia
272 357 352 424 plena
364 357 532 426 clementiae,
545 361 767 428 mausuetudinis,
774 361 957 422 humanitatis.

131 445 134 449 ·
164 434 215 487 ΙΧ.
235 439 276 486 26.
301 432 439 495 Quintum
459 451 524 487 vero
543 435 611 488 illud
628 439 670 488 est
689 435 850 490 beneficium
871 442 958 505 tuum,

105 510 179 577 quod
204 509 297 578 iniquo
322 511 351 560 et
373 509 450 576 gravi
471 511 599 578 vectigali
623 511 746 565 aedilicio
767 529 828 565 eum
852 515 959 581 magnis

106 586 206 639 nostris
228 584 412 638 simultatibus
432 586 527 638 Asiam
543 586 673 640 liberasti.
704 587 829 640 ·Iltenim
850 590 872 642 si
889 607 957 642 unus

104 662 185 715 homo
197 661 295 715 nobilis
311 660 436 727 queritur
454 661 544 728 palam
565 666 593 715 te
613 663 687 730 quod
709 663 836 730 edixeris,
858 680 894 716 uu
920 683 957 718 nn

105 753 193 791 uuoos
205 751 345 790 cucumin
358 752 610 804 nucnunnnnuuun,
624 739 682 792 Hs
697 753 727 792 ec
747 739 798 792 sibi
817 741 957 808 eripuisse,

105 818 207 882 quanta
223 813 334 866 taudem
347 813 461 878 pecunia
476 813 653 880 penderetur,
671 815 693 867 si
711 816 830 868 omnium
850 817 957 870 nomine

104 890 268 958 quicumque
293 888 396 941 Romae
420 889 499 941 ludos
517 890 640 942 facerent
664 891 737 958 quod
758 895 818 944 erat
834 891 893 959 jam
917 895 957 946 in-

103 966 231 1018 stitutum
255 967 432 1030 erogareturl
470 965 640 1034 Quamquam
660 965 713 1018 has'
726 967 850 1034 querelas
872 968 956 1022 homi-

103 1059 168 1094 num
181 1043 335 1093 nostrorum
351 1040 397 1092 illo
414 1040 525 1093 consilio
540 1042 732 1115 oppressimus
752 1043 826 1109 quod
844 1044 872 1096 in
890 1045 955 1097 Asia

102 1118 193 1170 neseio
206 1132 323 1184 quonam
335 1117 415 1168 modo
430 1116 532 1170 Itomae
549 1117 661 1185 quidem
677 1134 730 1170 non
747 1118 877 1172 mediocri
894 1137 955 1172 cum

103 1193 283 1246 admiratione
294 1192 429 1259 laudatur,
448 1193 641 1260 quod-quum
659 1193 694 1246 ad
711 1186 844 1262 templum
864 1213 956 1249 monu-

103 1274 281 1338 mentumque
305 1272 428 1321 nostrum
454 1269 580 1322 civitates
609 1271 737 1337 pecunias
762 1271 955 1342 decrevissent,

103 1363 241 1415 quumque
258 1345 287 1398 id
309 1348 337 1396 et
357 1361 406 1411 pro
426 1345 493 1397 meis
518 1344 622 1412 magnis
646 1346 752 1398 meritis
773 1349 802 1398 ct
826 1364 876 1414 pro
900 1345 956 1401 tui's

102 1421 227 1475 maximis
239 1421 377 1474 beneficiis
391 1436 495 1472 summa
505 1437 554 1472 sua
566 1421 706 1474 voluntate
718 1422 852 1489 fecissent,
870 1423 955 1476 nomi-

102 1499 242 1566 natimque
254 1497 299 1550 lex
309 1496 448 1564 exciperet
468 1511 504 1549 uu
523 1511 561 1548 an
581 1511 718 1549 unurnuu
741 1513 955 1551 nonuunuuuu-

102 1573 182 1643 [oua]
193 1588 302 1626 carana
322 1587 446 1636 mossur,
465 1588 605 1640 quumque
625 1572 654 1625 id
673 1573 755 1641 quod'
767 1573 884 1626 dabatur
901 1591 955 1628 non

102 1654 175 1703 esset
194 1649 376 1714 interiturum,
397 1649 445 1701 sed
465 1648 493 1700 in
513 1648 680 1702 ornamentis
699 1649 795 1718 templi
823 1650 953 1718 futurum,

101 1730 134 1780 ut
161 1743 215 1779 non
243 1724 309 1778 mihi
328 1725 421 1792 potius
449 1742 531 1793 quam
559 1724 659 1793 populo
683 1724 805 1779 Romano
831 1744 863 1780 ae
894 1725 955 1780 Diis

101 1801 301 1855 immortalibus
322 1800 416 1853 datum
438 1801 706 1855 videretur—tamen
730 1801 760 1854 id
778 1802 806 1855 in
825 1820 878 1871 quo
895 1806 955 1856 erat

102 1878 229 1945 dignitas,
250 1880 310 1930 crat
330 1874 382 1941 lex,
403 1880 464 1929 erat
483 1894 577 1930 eorum
599 1878 645 1945 qui
663 1878 800 1931 faciebant
821 1879 953 1946 voluntas,

102 1954 288 2022 aoeipiaudum
300 1969 353 2004 nou
365 1952 466 2020 putavi,
477 1970 562 2020 quum
574 1954 634 2007 aliis
647 1954 682 2007 de
695 1954 782 2007 causis
794 1958 854 2007 tum
872 1955 953 2007 etiarm

101 2036 134 2083 ut
145 2030 235 2085 animo
246 2028 376 2097 aequiore
394 2030 498 2081 ferrent
517 2028 536 2080 ii
557 2029 655 2097 quibus
671 2046 721 2083 nec
740 2029 889 2083 deberetur
904 2048 954 2083 nee

102 2107 203 2159 liceret.
239 2109 279 2160 27.
299 2105 473 2173 Quapropter
490 2104 616 2159 incumbe
632 2109 690 2159 toto
709 2105 798 2157 animo
815 2109 844 2158 et
863 2106 953 2158 studio

102 2183 175 2235 (imni
187 2182 214 2233 in
232 2198 292 2234 eam
307 2180 441 2233 rationem
462 2198 516 2248 qua
532 2180 622 2234 adhuc
638 2199 703 2235 usus
717 2198 753 2248 es,
770 2184 802 2234 ut
820 2199 866 2235 eos
886 2200 954 2249 quos

103 2263 166 2311 tuae
189 2257 254 2311 fidei
277 2256 463 2327 potestatique
488 2256 603 2310 Senatus
624 2258 794 2327 populusque
816 2258 953 2311 Romanus

103 2334 238 2388 commisit
250 2337 280 2387 ct
294 2332 413 2387 credidit
430 2332 535 2401 diligas,
549 2336 578 2386 et
595 2334 667 2385 omni
687 2334 792 2387 ratione
811 2338 906 2387 tueare
922 2340 954 2387 ut

103 2426 163 2463 osse
172 2427 254 2479 quam
266 2408 439 2463 beatissimos
448 2409 521 2462 velia.
560 2409 639 2473 Quod
653 2410 674 2461 si
692 2414 720 2463 te
740 2426 799 2462 sors
813 2410 889 2462 Afris
905 2414 953 2462 aut

104 2486 233 2554 Hispanis
245 2489 293 2538 aut
306 2485 390 2538 Gallis
402 2486 585 2553 praefecisset,
602 2485 765 2539 immanibus
782 2502 813 2539 ac
829 2484 952 2539 barbaris

102 2561 264 2628 nationibus,
292 2565 384 2615 tamen
413 2565 486 2615 esset
514 2561 691 2615 humanitatis
721 2565 785 2615 tuae
814 2562 953 2615 consulere

103 2654 196 2691 corum
214 2636 362 2690 commodis
381 2641 410 2690 et
428 2637 542 2691 utilitati
563 2637 698 2707 salutique
718 2637 827 2691 servire.
864 2638 952 2701 eriuu

102 2730 167 2767 vero
182 2713 209 2766 ei
226 2712 320 2780 generi
339 2712 478 2766 hominum
499 2713 657 2781 pressimus,
677 2730 731 2767 non
752 2714 834 2769 modo
854 2712 880 2765 iu
899 2730 952 2781 quo

102 2789 163 2857 ipsa
180 2788 216 2842 sit
234 2788 384 2842 sedetiam
405 2806 422 2843 a
446 2806 499 2859 quo
521 2789 557 2842 ad
576 2790 642 2843 alios
661 2790 817 2858 pervenisse
840 2794 953 2857 putetur

103 2863 261 2930 humanitas,
273 2868 348 2919 certe
363 2865 397 2919 iis
412 2883 473 2919 cam
490 2866 662 2933 potissimum
681 2864 804 2919 tribuere
822 2867 840 2919 sl
877 2882 953 2917 ersus

102 2939 227 3008 aquibus
239 2941 399 3010 accepimus.
434 2948 474 2995 28.
493 2942 554 2993 Non
567 2942 638 2994 enim
655 2958 699 2993 me
718 2941 768 2993 hoc
781 2940 841 3007 jam
862 2940 901 2993 dn
916 2958 928 2975 ,-
944 2960 952 2993 .·

102 3015 225 3084 pudebit,
237 3018 399 3084 pracsertim
409 3018 436 3071 in
450 3035 483 3071 ea
497 3017 554 3069 vite
570 3020 653 3084 atquo
668 3015 696 3067 in
715 3016 749 3067 iis
765 3016 847 3068 rebus
867 3028 953 3083 gerra

102 3093 130 3143 in
143 3091 242 3159 quibus
253 3108 306 3145 non
318 3096 410 3161 potest
421 3093 543 3146 residere
561 3092 678 3144 inertiae
694 3093 743 3143 aut
758 3090 879 3143 levitatis
897 3090 933 3139 r''
945 3110 953 3139 i

103 3169 227 3236 suspicio,
249 3184 299 3221 uos
322 3185 355 3221 ea
379 3184 449 3235 quae
472 3167 608 3221 consecuti
631 3182 723 3219 sumus
744 3166 776 3217 iis
800 3165 899 3219 studiis
923 3174 953 3219 et
