2200 3450
278 139 287 145 ⁸
351 173 610 226 musmonnnum
627 176 730 228 misni
748 175 830 224 nno.
986 176 1017 227 ro

149 254 393 308 remeaturum
404 256 471 308 erut.
503 255 532 309 Is
544 255 605 310 dies
615 253 669 308 fuit
682 254 751 307 Non.
765 253 790 316 N
792 251 924 314 ovembn
948 252 1019 306 Iudc

153 329 330 398 nntelueem
340 329 546 398 proficiscentes
558 333 623 384 ante
635 329 709 384 diem
719 344 779 382 vnn
790 329 858 382 Idus
870 325 896 382 N
898 329 1018 383 ovembr.

166 404 215 458 lms
226 405 321 458 literas
333 405 465 459 dedimus.
504 407 552 473 Tu,
566 406 589 459 si
601 421 650 460 nos
667 421 760 459 omncs
778 421 852 458 amns
872 408 902 458 et
915 405 1019 473 proeci-

165 498 221 549 pue
236 498 280 534 me
297 481 458 548 magistrum
474 484 562 550 tuum,
574 481 705 536 confimo
722 484 758 534 te.
798 480 856 548 Ego
871 481 951 534 valde
963 497 1021 534 sus·

165 573 250 625 penso
261 559 351 610 animo
364 562 500 625 exspecto,
510 558 630 626 primum
643 561 673 611 te
687 557 797 623 seilicet,
807 555 907 610 deinde
921 555 1021 610 Mario-

165 650 228 686 nem
250 651 311 687 cum
330 634 387 705 tuis
402 634 499 687 literis
535 633 639 686 Omnes
657 634 788 702 cupimus,
806 648 856 700 ego
872 632 901 684 in
917 632 1020 700 primis,

150 756 154 761 .
166 726 248 778 quom
260 710 380 778 primum
391 713 421 763 tc
433 710 536 778 videre,
548 709 606 776 sed,
619 710 658 762 mi
670 709 741 776 Tiro,
755 707 897 761 valentem.
930 707 1020 772 Quare

166 786 233 839 nihil
245 786 417 854 properaris3
429 787 499 840 sutis
510 778 636 856 quotidie
648 784 750 850 videro,
764 784 786 836 si
799 783 907 837 valebis.
939 783 1020 837 Utili-
1089 795 1090 798 ’

167 861 271 915 tutibus
282 863 339 916 tuis
350 879 460 931 possum
471 877 581 925 carere3
599 864 629 914 te
641 860 732 914 velere
744 864 793 913 tua
805 875 887 912 causa
901 859 1019 927 primum

139 1007 145 1015 =
166 937 236 1003 volo,
248 941 309 990 tum
320 954 390 1006 mea,
403 937 441 990 mi
455 937 524 990 'l'iro
562 937 638 989 Vale.

212 1065 248 1112 lo.
277 1064 445 1138 TULLIUS,-
461 1065 506 1112 ET
523 1062 659 1136 CICERO,
679 1063 724 1110 ET
735 1063 770 1120 ¹Q.
784 1062 819 1121 Ω.
837 1062 964 1112 TIRONI

285 1151 553 1208 HUMANISSIMQ
565 1151 609 1199 ET
626 1151 761 1200 OPTIMO
779 1151 804 1198 S.
818 1151 848 1198 P.
861 1151 894 1201 D.

426 1253 490 1310 (xvi.
503 1229 527 1298 5
563 1265 589 1298 A.
603 1263 628 1298 u.
640 1229 664 1298 o.
678 1229 748 1304 Ι704.)

167 1339 241 1394 Vide
252 1342 355 1407 quauta
367 1340 403 1393 sit
414 1339 482 1392 inte
498 1331 625 1404 simvitas.
663 1338 739 1392 Duas
757 1338 838 1392 horas
854 1337 954 1406 Thyrsi
969 1337 1019 1391 fui-

166 1431 234 1468 mus.
270 1415 444 1467 Xenomenes
455 1414 554 1482 hospes
566 1417 624 1466 tum
640 1416 669 1466 te
687 1413 777 1481 diligit
789 1430 871 1480 quum
884 1415 907 1466 si
919 1413 1019 1468 vixerit

166 1493 265 1544 tecum.
302 1490 332 1542 ls
349 1489 440 1542 omnia
456 1488 594 1558 pollicitus
612 1491 655 1542 est
673 1487 814 1555 quaesibi
833 1492 925 1542 esseut
943 1505 1017 1556 opus,

167 1565 316 1621 Facturum
332 1569 406 1633 puto.
444 1563 514 1617 Mihi
528 1563 661 1633 placebat,
679 1563 701 1616 si
719 1563 823 1616 firmior
838 1580 921 1631 esses,
940 1569 972 1617 ut
987 1567 1017 1618 te

167 1641 322 1696 Leucadem
351 1641 517 1709 deportaret,
535 1642 575 1694 'ut
603 1638 642 1692 ibi
670 1642 699 1693 to
728 1639 807 1708 plane
836 1639 1017 1694 confirmares

77 1723 84 1734 ⁴
167 1717 284 1771 Videbis
300 1716 368 1787 quid
379 1717 475 1787 Curio,
492 1715 683 1787 quideysoni,
697 1715 765 1785 quid
780 1715 886 1771 medico
905 1715 1017 1785 placeat.

168 1794 302 1867 Volebam
313 1794 351 1847 ud
359 1797 388 1848 te
398 1793 550 1848 Marionem
559 1791 711 1861 remittere,
721 1808 809 1860 quem,
818 1809 902 1863 quum
911 1793 1019 1845 melius-

167 1871 227 1925 cule
238 1871 290 1924 tibi
302 1874 383 1938 esset,
396 1869 433 1923 ad
444 1886 488 1924 me
500 1868 640 1922 mitteres:
653 1868 702 1922 sed
715 1868 832 1935 cogitari
844 1884 912 1924 unas
924 1868 1019 1923 literas

167 1947 321 2001 Marionem
338 1947 436 1999 offerre
453 1962 540 2014 posse,
553 1962 597 1999 me
616 1949 707 1999 autem
726 1944 836 1998 crebros
850 1948 1017 2014 exspectare.

169 2025 276 2078 Poteris
295 2024 387 2092 igitur,
401 2027 430 2077 et
447 2022 538 2091 facies,
559 2022 582 2075 si
602 2038 645 2075 me
667 2021 766 2089 diligis,
785 2024 818 2075 ut
838 2021 963 2090 quotidie
983 2022 1018 2075 sit

168 2101 286 2154 ⁴icostus
310 2101 338 2153 in
360 2103 449 2169 portu.
486 2098 569 2151 Multi
593 2101 674 2151 erunt
698 2097 798 2165 quibus
820 2100 896 2151 recte
921 2097 1018 2151 litcras

168 2176 234 2229 darc
258 2175 352 2245 possis,
371 2176 418 2244 qui
438 2176 475 2229 ad
494 2192 538 2228 me
558 2174 677 2228 libenter
697 2174 845 2243 perferent.
871 2174 1018 2241 ,Equidem

169 2251 266 2305 Patras
285 2257 396 2307 euntem
416 2252 552 2305 neminem
568 2250 798 2320 ‘praetermittam
834 2250 891 2315 Ego
912 2265 1018 2302 omnem

168 2321 244 2397 spem
268 2328 310 2382 tui
340 2327 486 2395 diligenter
516 2327 629 2380 curandi
653 2327 681 2378 in
706 2326 788 2379 Curio
811 2324 905 2377 liabeo.
943 2323 1018 2378 Nihil

168 2408 261 2474 potest
276 2404 322 2457 illo
338 2404 399 2457 fieri
415 2403 566 2470 humanius,
577 2402 644 2456 nihil
661 2402 748 2455 nostri
764 2400 906 2453 amantius.
943 2399 978 2452 Ei
988 2402 1018 2455 te

81 2491 84 2495 ’
168 2484 257 2535 totum
269 2480 356 2533 trude.
376 2480 450 2533 Molo
462 2482 492 2533 te
503 2477 595 2546 paullo
607 2485 669 2545 post
681 2478 817 2530 volentem
830 2492 912 2544 quam
925 2476 1018 2530 stetim

168 2556 332 2609 imbecillum
348 2555 450 2609 videre.
486 2555 559 2608 Cura
575 2554 661 2621 igitur
676 2552 745 2606 nihil
761 2552 837 2606 uliud
853 2552 905 2605 nisi
921 2556 953 2606 ut
965 2552 1019 2621 [tu]

168 2632 272 2687 valeas:
297 2635 389 2685 cotem
408 2648 458 2699 ego
479 2629 587 2684 curabo.
624 2630 821 2697 Etiam'etquc
845 2628 929 2681 etium
951 2627 1017 2681 vale.

170 2709 295 2762 Leueade
307 2707 482 2775 proficiscens
493 2722 542 2760 vn.
557 2706 625 2761 Idus
638 2704 769 2759 Novemb.
818 2720 820 2727 ’
1004 2696 1019 2722 ⁶

219 2846 255 2892 16.
290 2842 449 2892 TULLIUS
465 2844 511 2892 ET
527 2843 655 2892 CICERO
672 2842 716 2889 ET
734 2842 763 2899 Q.
779 2841 809 2898 Q.
825 2840 953 2889 TIRONI

467 2937 543 2984 SAL.
562 2936 667 2984 PLUR.
688 2936 718 2983 l).

435 3044 498 3099 (xvi.
512 3044 535 3088 (l.
571 3053 596 3088 A.
610 3051 635 3086 o.
648 3052 669 3086 c.
689 3028 767 3098 loll'

171 3128 339 3190 Tortiamnd
349 3132 380 3182 tc
393 3127 462 3182 hone
476 3127 621 3197 epistolam
638 3126 734 3195 scripsi
746 3124 847 3179 codem
864 3122 918 3188 die,
931 3121 1019 3188 magis

171 3203 290 3258 instituti
306 3204 360 3257 mei
376 3203 488 3257 tenendi
501 3219 583 3257 causa
595 3202 659 3272 quia
670 3205 767 3261 nectus
779 3215 854 3254 erum
867 3197 910 3253 eui
923 3196 1017 3251 darem
