2200 3450
266 143 271 154 '
342 172 432 221 cano
449 169 582 219 MAJcn.
616 168 694 216 cae.
713 167 761 216 ru.
779 165 813 216 v,
976 167 992 215 ⁵

143 251 304 311 consularis.
339 252 390 305 Est
406 251 435 304 in
452 251 578 304 manibus
594 248 724 316 laudatio,
737 264 819 317 quam
831 263 917 316 quum
928 245 994 314 legi-

146 347 215 399 mus,
230 343 313 398 quem
329 326 519 396 philosophum
535 343 589 379 non
608 324 822 379 contemnimusl
858 322 918 376 Nec
929 337 994 375 vero

146 405 193 459 ille
210 405 239 458 in
258 404 318 457 luce
337 402 419 456 modo
436 404 519 470 atque
538 402 567 454 in
587 400 671 455 oculis
685 400 784 453 civium
803 415 925 466 magnus,
945 396 995 450 sed

146 481 220 535 intus
241 478 370 546 domique
388 477 582 548 praestantior.
618 476 670 540 Qui
694 479 799 529 sermo!
826 491 896 542 quae
918 490 995 542 prae

147 559 241 625 cepta!
261 557 364 623 quanta
380 553 480 607 notitia
497 551 685 620 antiquitatis!
706 567 777 619 quae
795 549 909 603 scientia
921 548 994 616 jonis

147 631 267 700 augurii!
305 629 410 684 Multae
424 629 509 683 etiam
524 632 557 683 ut
574 628 603 681 in
620 627 729 681 homine
742 625 865 679 Romano
877 623 994 678 litterae.

148 707 246 760 Omnia
257 705 388 759 memoria
396 704 517 771 tenebat,
527 720 581 757 non
591 702 742 756 domestica
751 700 839 754 solum
849 699 899 753 sed
911 699 994 752 etiam

147 787 262 835 externa
272 780 352 834 bella.
388 779 474 848 Cujus
490 797 615 834 sermone
633 780 673 832 ita
690 781 750 832 tum
767 775 866 844 cupido
881 773 994 828 fruebar

147 859 225 926 quasi
232 857 292 925 jam
304 856 463 924 divinarem,
480 856 511 910 id
529 855 604 926 quod
616 855 715 921 evenit,
727 853 774 907 illo
787 852 923 906 exstincto
935 852 994 905 foro

148 933 221 986 unde
233 933 366 986 discerem
378 932 522 986 neminem.

201 1009 233 1062 V.
261 1013 299 1062 13.
326 1007 460 1072 Quorsum
472 1007 557 1074 igitur
568 1005 635 1059 haec
648 1008 705 1058 tam
713 1004 800 1057 multa
811 1003 847 1056 de
857 1003 993 1056 Maximol

149 1083 218 1148 Quia
236 1081 476 1152 prolecto'videtis
493 1083 570 1136 nefas
588 1098 647 1135 esse
667 1080 743 1133 dictu
763 1080 888 1132 miseram
910 1078 994 1131 fuisse

149 1159 232 1213 talem
249 1161 427 1222 senectutem;
449 1175 500 1214 nec
529 1161 622 1212 tamen
634 1172 727 1209 omnes
741 1159 854 1224 possunt
866 1170 926 1207 csse
938 1154 994 1207 Sci-

148 1235 242 1303 piones
258 1237 306 1298 aut
319 1233 432 1287 Maximi
448 1237 481 1287 ut
497 1233 606 1286 urbium
621 1231 842 1300 expugnationes,
855 1235 887 1283 ut
899 1230 995 1297 pedes

149 1313 207 1364 tres
219 1310 360 1363 navalesve
372 1326 484 1377 pugnas,
496 1312 528 1362 ut
542 1308 615 1362 bella
629 1324 687 1360 ase
698 1309 784 1374 gesta,
796 1310 827 1359 ut
843 1305 994 1375 triumphos

150 1385 334 1438 recordentur
372 1385 422 1437 Est
443 1385 526 1438 etiam
546 1385 639 1452 quiete
660 1385 690 1436 et
712 1398 781 1450 puro
804 1385 833 1434 et
856 1381 994 1448 eleganter

150 1463 228 1514 actae
246 1461 345 1513 aetatis
362 1459 469 1526 placida
484 1475 516 1512 ac
532 1457 601 1511 lenis
619 1460 752 1523 senectus,
767 1458 875 1525 qualem
892 1457 995 1524 accepi-

150 1549 211 1588 mus
228 1535 348 1588 Platonis
367 1535 413 1601 qui
431 1550 486 1587 unc
504 1537 533 1587 et
549 1533 716 1600 octogesimo
731 1549 800 1585 anno
817 1531 936 1585 scribens
952 1535 995 1585 cst

150 1616 288 1676 mortuus;
306 1610 415 1678 qualem
435 1609 563 1663 Isocratis
581 1609 628 1676 qui
646 1625 709 1660 eum
726 1607 826 1660 librum
844 1609 891 1676 qui
911 1609 995 1660 Pana-

151 1686 292 1741 thenaicus
307 1684 465 1739 inscribitur
479 1688 578 1754 quarto
594 1686 624 1738 et
640 1684 812 1752 nonagesimo
827 1701 897 1738 anno
912 1683 996 1752 scrip

152 1763 220 1816 sisse
245 1778 273 1814 se
298 1761 372 1826 dicit,
397 1762 519 1829 vixitque
543 1760 757 1829 quinquennium
780 1765 890 1828 postea;
919 1760 996 1829 cujus

151 1837 282 1905 magister
296 1834 444 1889 Leontinus
461 1836 577 1905 Gorgias
590 1840 699 1890 centum
714 1839 743 1889 et
757 1840 863 1906 septem
881 1836 997 1906 comple

153 1913 191 1967 vit
205 1928 290 1965 annos
304 1928 394 1979 neque
406 1929 525 1980 unquam
540 1912 569 1964 in
583 1929 631 1965 suo
646 1912 737 1965 studio
751 1916 835 1980 atque
847 1929 929 1979 opere
941 1928 997 1966 ces

152 1988 231 2043 savit.
267 1987 327 2054 Qui,
343 2004 426 2055 quom
441 2005 475 2041 ex
490 2005 522 2041 eo
538 1991 717 2056 quaereretur
731 2005 780 2041 cur
793 1987 900 2042 tamdiu
915 1988 998 2041 vellet

152 2081 213 2118 csse
229 2064 257 2117 in
275 2064 339 2129 vita,
357 2063 424 2117 nihil
442 2064 537 2132 habeo,
556 2065 652 2133 inquit,
671 2064 744 2131 quod
763 2081 887 2118 accusem
908 2081 998 2117 senec-

153 2143 251 2193 tutem.
288 2145 328 2192 14.
359 2140 533 2193 Praeclarum
554 2156 713 2208 responsum
735 2143 764 2193 et
787 2140 867 2194 docto
891 2139 999 2192 homine

153 2212 273 2283 dignum.
309 2215 363 2269 Sua
378 2216 450 2268 enim
462 2216 529 2268 vitia
545 2215 704 2284 insipientes
720 2220 752 2269 ct
765 2233 841 2268 suam
854 2215 959 2283 culpam
971 2215 998 2267 in

154 2293 323 2345 senectutem
335 2291 492 2357 conferunt3
511 2291 586 2359 quod
597 2307 651 2343 non
665 2290 817 2344 faciebatis
829 2290 908 2359 cujus
919 2290 1000 2343 modo

154 2362 319 2427 mentionem
331 2366 383 2419 feci
396 2366 511 2421 lllnnius:

253 2450 322 2498 Sicut
334 2450 404 2497 fortis
416 2466 501 2511 equus,
517 2451 597 2512 spatio
608 2450 651 2511 qui
663 2465 734 2511 saepe
745 2465 860 2512 supremo

251 2514 321 2561 Vicit
332 2514 454 2576 Olympia,
467 2530 534 2561 nunc
546 2515 614 2561 senio
626 2512 746 2561 confectu’
757 2514 869 2576 quiescit.

155 2599 226 2669 nqui
240 2598 320 2653 fortis
334 2602 363 2651 ot
376 2599 487 2652 victoris
503 2598 639 2652 senectuti
653 2601 793 2667 comparat
811 2616 897 2655 suam.
915 2604 1000 2667 Quom

155 2675 268 2744 quidem
282 2674 368 2744 probe
381 2674 537 2728 meminisse
551 2674 676 2743 potestis.
713 2676 793 2727 Anno
805 2675 877 2728 enim
891 2675 1002 2727 undevi-

155 2750 256 2805 cesimo
273 2752 337 2819 post
356 2747 415 2816 ejus
433 2753 549 2803 mortem
568 2748 596 2801 hi
612 2750 735 2803 consules
749 2749 778 2803 Τ.
791 2749 960 2803 Flamininus
974 2759 1003 2801 et

156 2826 202 2882 Μ’.
214 2820 319 2879 Acilius
333 2824 399 2877 facti
417 2827 496 2891 sunt;
514 2824 560 2878 ille
575 2828 668 2878 autem
683 2825 819 2894 Caepione
833 2828 862 2878 et
877 2825 1003 2893 Philippo

155 2900 256 2953 iterum
269 2898 424 2952 consulibus
438 2903 562 2955 mortuus
574 2903 631 2953 est:
650 2916 735 2968 quum
749 2918 806 2969 ego
814 2900 927 2971 quidem
939 2916 957 2952 v
975 2904 1004 2952 et

157 2990 194 3030 ax
214 2993 299 3030 annos
317 2980 397 3030 natus
415 2976 504 3044 legem
516 2976 664 3029 Voconiam
681 2993 780 3045 magna
796 2994 862 3031 voce
880 2980 909 3029 et
926 2975 1004 3029 bonis

157 3050 290 3107 lateribus
305 3054 460 3106 suasissem.
498 3052 595 3105 Annos
613 3068 669 3105 nxx
687 3056 775 3120 natus,
789 3056 833 3106 tot
850 3053 922 3105 enim
936 3050 1005 3103 vixit

159 3126 269 3193 Ennius,
287 3128 328 3181 ita
347 3128 456 3182 ferebat
474 3128 528 3180 duo
547 3144 618 3194 quac
635 3129 754 3179 maxima
773 3131 906 3196 putantur
923 3140 1006 3177 onera

159 3204 348 3273 paupertatem
364 3208 394 3257 et
410 3205 588 3265 senectutem,
598 3204 630 3254 'ut
644 3202 678 3252 iis
691 3218 778 3267 paene
792 3198 921 3252 delectari
933 3196 1006 3249 ride-
