2200 3450
126 165 166 226 '22
361 175 400 223 n.
419 173 547 223 ruituri
566 171 767 223 cronacum

133 255 227 311 ruisse.
264 261 307 310 65.
333 256 375 308 At
388 257 452 308 sunt
465 255 566 307 morosi
583 258 613 308 ct
624 256 698 308 anxii
714 259 743 309 ct
757 256 879 309 iracundi
892 259 922 310 et
934 257 989 311 dif-

133 331 217 384 ficiles
231 347 316 384 senes.
353 331 382 384 Si
397 330 561 399 quaerimus,
578 331 660 384 etiam
675 331 763 386 avari:
780 331 914 386 scdhacc
929 351 987 387 mo

132 422 193 459 rum
208 406 275 460 vitia
291 409 355 460 sunt
369 423 421 458 non
437 407 592 460 senectutis.
631 407 674 459 Ae
688 406 832 460 morositas
846 413 938 462 tamen
958 413 993 464 et

132 497 164 535 ea
175 483 242 535 vitia
253 499 324 550 quae
336 481 395 534 dixi
407 480 510 535 habeut
526 482 631 550 aliquid
644 483 833 551 excusationis,
847 501 901 537 non
913 486 992 540 illius

132 560 243 628 quidem
257 558 351 627 justae
369 558 419 612 sed
437 574 508 626 quac
533 558 644 625 probari
662 575 742 626 posse
761 559 901 614 videatur-z
925 578 994 616 eon„

130 637 216 689 temni
229 653 258 689 se
270 639 375 704 putant,
388 633 498 702 despici,
511 632 604 688 illudi:
624 639 769 703 praeterea
782 635 812 688 in
825 636 915 704 fragili
927 655 986 692 cor-

130 728 196 780 pore
209 713 302 766 odiosa
313 707 400 765 omnis
412 709 524 763 offensio
536 714 587 764 est
628 709 705 776 Quae
717 715 811 766 tamen
824 713 914 767 omnia
926 715 991 769 dul-

131 789 203 842 ciora
221 789 290 841 fiunt
307 791 336 841 et
354 786 475 840 moribus
495 785 574 839 bonis
589 790 619 840 et
638 787 852 861 artibus3idque
864 805 949 860 quum
958 791 990 845 in

130 865 260 918 vitatum
274 865 302 916 in
317 879 397 917 scena
411 861 526 930 intelligi
541 866 635 932 potest
649 880 683 916 ex
696 863 730 916 sis
745 863 877 918 fratribus
893 867 939 933 qui
956 868 989 921 iu

131 941 264 1010 Adelphis
283 945 353 994 sunt.
392 941 499 1004 Quanta
515 939 544 991 in
561 940 648 993 altero
663 939 776 1006 duritas,
796 940 825 992 in
839 941 925 994 altero
939 959 989 996 co-

129 1019 223 1072 mitas!
262 1017 306 1072 Sic
321 1035 350 1071 se
362 1034 407 1071 res
419 1015 517 1080 hubet3
535 1019 570 1069 ut
582 1016 655 1068 enim
669 1032 724 1068 non
739 1018 930 1084 omnevinum,
943 1021 989 1074 sic

128 1109 181 1147 non
203 1095 289 1147 omnis
313 1097 388 1147 aetas
408 1095 546 1145 vetustate
568 1092 709 1145 coacescit.
748 1092 928 1146 Severitatem
954 1097 987 1150 in

129 1173 269 1223 senectute
288 1168 380 1238 probo,
400 1168 528 1222 sedeam
548 1167 619 1220 sicut
636 1167 691 1220 alia
708 1168 860 1233 modicam3
880 1169 987 1224 acerbi-

128 1248 215 1298 tatem
229 1245 303 1298 nullo
318 1244 405 1297 mode.
442 1242 569 1297 Avaritia
580 1259 646 1296 vero
661 1244 752 1297 senilis
765 1244 833 1311 quid
848 1244 899 1297 sibi
915 1246 984 1301 velit

128 1337 181 1373 non
199 1321 329 1389 intelligo.
372 1320 468 1374 Potest
492 1318 565 1372 enim
585 1319 735 1388 quidquam
755 1337 815 1373 esse
836 1320 983 1376 absurdius

128 1413 210 1466 quam
222 1414 276 1466 quo
288 1397 377 1450 minus
389 1397 449 1450 viae
460 1399 548 1450 restat
561 1412 593 1448 eo
606 1396 666 1463 plus
679 1397 770 1448 viatici
783 1400 931 1464 quaereret

179 1472 258 1527 XIX.
294 1480 333 1528 66.
353 1473 457 1538 Quarta
468 1475 557 1526 restat
568 1488 650 1525 causa
663 1489 733 1540 quae
746 1473 864 1527 maxime
878 1490 981 1542 angere

127 1552 211 1616 atque
223 1549 365 1603 sollicitam
377 1549 479 1602 habere
491 1553 613 1601 nostram
622 1551 744 1600 aetatem
753 1547 870 1616 videtur,
881 1566 981 1617 appro-

127 1624 268 1691 pinquatio
292 1623 397 1690 mortis,
418 1641 488 1691 quae
513 1626 589 1676 certe
612 1640 629 1676 a
653 1627 795 1677 senectute
813 1641 867 1677 nou
886 1628 981 1693 potest

128 1699 206 1767 longe
225 1700 328 1755 abesse.
366 1699 389 1753 Ο
409 1699 539 1754 miserum
559 1716 651 1754 senem
664 1700 711 1770 qui
723 1704 840 1755 mortem
859 1705 979 1755 contem-

127 1776 245 1829 nendam
257 1794 317 1830 esse
329 1776 357 1829 in
369 1779 427 1829 tam
440 1776 519 1844 longa
536 1780 628 1830 aetate
641 1793 695 1829 uon
707 1776 822 1830 viderit!
843 1794 913 1846 quae
930 1782 981 1833 aut

127 1852 206 1919 plane
218 1851 381 1920 negligenda
393 1855 443 1918 est,
456 1852 478 1904 si
492 1852 600 1905 omnino
613 1852 765 1919 exstinguit
782 1854 912 1921 animum,
930 1861 981 1908 aut

127 1928 210 1979 ctiam
229 1927 356 1996 optanda,
378 1928 400 1980 si
421 1927 513 1996 aliquo
532 1944 595 1981 eum
614 1927 727 1981 deducit
746 1928 795 1981 ubi
815 1928 852 1982 sit
869 1931 981 1984 futurus

126 2008 262 2058 aeternus.
299 2004 387 2072 Atqui
412 2006 525 2059 tertium
551 2007 631 2058 certe
650 2004 718 2058 nibil
736 2005 859 2059 inveniri
879 2010 980 2074 potest.

127 2084 168 2135 67.
194 2080 267 2145 Quid
278 2081 363 2149 igitur
375 2080 493 2148 timeam,
512 2080 534 2133 si
553 2083 601 2134 aut
618 2096 672 2133 nou
689 2081 774 2134 miser
786 2085 848 2149 post
861 2085 980 2135 mortem

126 2160 175 2209 aut
191 2155 289 2211 beatus
307 2157 390 2211 etiam
412 2158 521 2211 futurus
544 2159 624 2212 sumi
664 2156 834 2226 Quamquam
855 2158 916 2226 quis
934 2163 981 2212 est

126 2237 183 2286 tam
201 2234 308 2302 stultus,
326 2234 449 2304 quamvis
467 2234 503 2287 sit
521 2234 687 2302 adolescens,
699 2233 743 2287 cui
756 2234 793 2287 sit
805 2233 980 2301 exploratum

126 2326 155 2363 se
173 2311 210 2364 ad
227 2328 372 2381 vesperum
391 2327 451 2365 esse
470 2310 622 2364 notarunt
644 2365 646 2368 ,
661 2310 829 2373 Quinetiam
842 2310 980 2364 aetasilla

125 2387 211 2441 multo
228 2389 320 2457 plures
336 2404 418 2458 quam
435 2391 530 2441 nostra
547 2387 645 2440 mortis
663 2402 741 2439 casus
755 2384 853 2451 habet3
870 2385 980 2439 facilius

125 2462 152 2515 in
179 2464 288 2517 morbos
311 2464 434 2517 incidunt
456 2463 658 2529 adolescentem
684 2462 794 2531 gravius
819 2465 980 2530 aegrotans

125 2538 231 2591 tristius
256 2543 392 2592 curantur.
436 2540 536 2608 Itaque
560 2539 640 2608 pauci
659 2539 772 2592 ueniunt
793 2539 831 2592 ad
855 2540 980 2591 senectu-

124 2616 191 2666 tem.
208 2613 286 2682 Quod
298 2614 326 2667 ni
337 2614 377 2667 itu
392 2615 535 2682 accideret,
557 2616 654 2669 melius
675 2618 704 2668 et
721 2614 885 2684 prudentius
906 2614 980 2666 vive-

124 2692 215 2754 rctur;
243 2703 320 2741 mens
356 2691 429 2744 enim
451 2695 479 2745 et
496 2692 567 2744 ratic
593 2695 623 2746 et
646 2692 792 2746 consilium
811 2692 839 2744 in
865 2688 980 2743 senibus

124 2765 233 2834 estqui
252 2765 274 2816 si
291 2764 359 2819 nulli
374 2766 497 2834 fuissent,
509 2766 600 2821 nullae
613 2768 721 2821 omnino
738 2767 864 2821 civitates
877 2768 978 2825 essent.

124 2838 179 2891 Sed
201 2840 285 2893 redeo
307 2842 343 2895 ad
359 2846 476 2896 mortem
499 2843 711 2911 impendentem.
749 2842 829 2906 Quod
846 2840 915 2895 illud
933 2843 980 2894 est

123 2914 225 2967 crimen
238 2918 393 2985 senectutis,
407 2936 490 2987 quum
503 2918 572 2971 illud
584 2918 703 2972 videatis
715 2935 778 2971 cum
791 2916 979 2971 adolescentia

123 3005 183 3042 csse
201 2995 357 3047 commuue?
403 3000 443 3049 68.
471 2994 548 3049 Sensi
566 3010 621 3062 ego·
635 2992 766 3061 quum-iu
788 2993 891 3061 optimo
917 2991 978 3043 filio

122 3081 192 3133 ineo,
216 3069 275 3119 tum
299 3068 328 3121 in
354 3070 519 3139 exspectatis
541 3070 578 3123 ad
596 3069 790 3137 amplissimam
810 3067 977 3134 dignitatem

122 3140 255 3195 iratribus
273 3144 334 3209 tuis,
354 3146 450 3214 Scipio,
469 3149 586 3198 mortem
600 3145 672 3197 omni
684 3143 771 3196 aetati
782 3158 843 3195 esse
854 3158 977 3195 commu-

122 3232 192 3271 nem.
230 3219 270 3271 At
282 3224 375 3286 sperat
385 3221 544 3273 adolescens
563 3218 611 3271 diu
627 3235 658 3270 se
671 3218 814 3282 victurum,
824 3218 899 3284 quod
911 3232 978 3283 spe-
