<?xml version="1.0" encoding="UTF-8"?>
<!DOCTYPE html PUBLIC "-//W3C//DTD XHTML 1.0 Transitional//EN"
    "http://www.w3.org/TR/xhtml1/DTD/xhtml1-transitional.dtd">
<html xmlns="http://www.w3.org/1999/xhtml" xml:lang="en" lang="en">
 <head>
  <title>
</title>
<meta http-equiv="Content-Type" content="text/html;charset=utf-8" />
  <meta name='ocr-system' content='tesseract 3.04.00' />
  <meta name='ocr-capabilities' content='ocr_page ocr_carea ocr_par ocr_line ocrx_word'/>
</head>
<body>
  <div class='ocr_page' id='page_1' title='image "./catomajorsivede00longgoog_0112.png"; bbox 0 0 2200 3450; ppageno 0'>
   <div class='ocr_carea' id='block_1_1' title="bbox 110 156 961 764">
    <p class='ocr_par' dir='ltr' id='par_1_1' title="bbox 115 156 736 206">
     <span class='ocr_line' id='line_1_1' title="bbox 115 156 736 206; baseline -0.002 -2"><span class='ocrx_word' id='word_1_1' title='bbox 115 157 161 204; x_wconf 79' lang='lat'><strong>104</strong></span> <span class='ocrx_word' id='word_1_2' title='bbox 347 157 384 204; x_wconf 92' lang='lat' dir='ltr'><strong>M.</strong></span> <span class='ocrx_word' id='word_1_3' title='bbox 403 157 528 205; x_wconf 86' lang='lat' dir='ltr'><strong>TULLII</strong></span> <span class='ocrx_word' id='word_1_4' title='bbox 546 156 736 206; x_wconf 73' lang='lat' dir='ltr'><strong>ClCEltONltl</strong></span> 
     </span>
    </p>

    <p class='ocr_par' dir='ltr' id='par_1_2' title="bbox 110 227 961 764">
     <span class='ocr_line' id='line_1_2' title="bbox 112 227 961 309; baseline -0.002 -17"><span class='ocrx_word' id='word_1_5' title='bbox 112 237 374 309; x_wconf 87' lang='lat' dir='ltr'><strong>primariis&#39;nuptam</strong></span> <span class='ocrx_word' id='word_1_6' title='bbox 386 227 494 302; x_wconf 59' lang='lat' dir='ltr'><strong>inimo?</strong></span> <span class='ocrx_word' id='word_1_7' title='bbox 505 237 630 290; x_wconf 86' lang='lat' dir='ltr'><strong>omuibus</strong></span> <span class='ocrx_word' id='word_1_8' title='bbox 647 238 726 291; x_wconf 86' lang='lat' dir='ltr'><strong>bonis</strong></span> <span class='ocrx_word' id='word_1_9' title='bbox 738 253 824 306; x_wconf 81' lang='lat' dir='ltr'><strong>prope</strong></span> <span class='ocrx_word' id='word_1_10' title='bbox 835 237 961 305; x_wconf 77' lang='lat' dir='ltr'><strong>perfuse</strong></span> 
     </span>
     <span class='ocr_line' id='line_1_3' title="bbox 111 313 959 382; baseline -0.001 -14"><span class='ocrx_word' id='word_1_11' title='bbox 111 320 169 368; x_wconf 86' lang='lat' dir='ltr'><strong>tam</strong></span> <span class='ocrx_word' id='word_1_12' title='bbox 185 331 260 381; x_wconf 90' lang='lat' dir='ltr'><strong>esse;</strong></span> <span class='ocrx_word' id='word_1_13' title='bbox 285 330 368 382; x_wconf 90' lang='lat' dir='ltr'><strong>quum</strong></span> <span class='ocrx_word' id='word_1_14' title='bbox 384 330 428 367; x_wconf 91' lang='lat' dir='ltr'><strong>res</strong></span> <span class='ocrx_word' id='word_1_15' title='bbox 446 314 556 382; x_wconf 89' lang='lat' dir='ltr'><strong>publica</strong></span> <span class='ocrx_word' id='word_1_16' title='bbox 570 313 715 380; x_wconf 88' lang='lat' dir='ltr'><strong>occideret,</strong></span> <span class='ocrx_word' id='word_1_17' title='bbox 732 314 789 366; x_wconf 86' lang='lat' dir='ltr'><strong>vita</strong></span> <span class='ocrx_word' id='word_1_18' title='bbox 805 315 959 368; x_wconf 80' lang='lat' dir='ltr'><strong>excessisse.</strong></span> 
     </span>
     <span class='ocr_line' id='line_1_4' title="bbox 112 389 961 460; baseline -0.001 -15"><span class='ocrx_word' id='word_1_19' title='bbox 112 391 185 456; x_wconf 80' lang='lat' dir='ltr'><strong>Quid</strong></span> <span class='ocrx_word' id='word_1_20' title='bbox 197 394 240 445; x_wconf 88' lang='lat' dir='ltr'><strong>est</strong></span> <span class='ocrx_word' id='word_1_21' title='bbox 252 390 327 460; x_wconf 91' lang='lat' dir='ltr'><strong>quod</strong></span> <span class='ocrx_word' id='word_1_22' title='bbox 338 394 369 444; x_wconf 93' lang='lat' dir='ltr'><strong>tu</strong></span> <span class='ocrx_word' id='word_1_23' title='bbox 381 393 429 443; x_wconf 84' lang='lat' dir='ltr'><strong>aut</strong></span> <span class='ocrx_word' id='word_1_24' title='bbox 440 390 487 442; x_wconf 91' lang='lat' dir='ltr'><strong>illa</strong></span> <span class='ocrx_word' id='word_1_25' title='bbox 499 407 561 443; x_wconf 91' lang='lat' dir='ltr'><strong>eum</strong></span> <span class='ocrx_word' id='word_1_26' title='bbox 574 391 682 444; x_wconf 88' lang='lat' dir='ltr'><strong>fortuna</strong></span> <span class='ocrx_word' id='word_1_27' title='bbox 698 389 748 443; x_wconf 90' lang='lat' dir='ltr'><strong>hoc</strong></span> <span class='ocrx_word' id='word_1_28' title='bbox 761 389 869 442; x_wconf 87' lang='lat' dir='ltr'><strong>nomine</strong></span> <span class='ocrx_word' id='word_1_29' title='bbox 883 392 961 458; x_wconf 82' lang='lat' dir='ltr'><strong>queri</strong></span> 
     </span>
     <span class='ocr_line' id='line_1_5' title="bbox 110 465 960 538; baseline 0 -16"><span class='ocrx_word' id='word_1_30' title='bbox 110 468 237 538; x_wconf 84' lang='lat' dir='ltr'><strong>possitisl</strong></span> <span class='ocrx_word' id='word_1_31' title='bbox 273 467 398 536; x_wconf 87' lang='lat' dir='ltr'><strong>Denique</strong></span> <span class='ocrx_word' id='word_1_32' title='bbox 414 467 469 519; x_wconf 91' lang='lat' dir='ltr'><strong>noli</strong></span> <span class='ocrx_word' id='word_1_33' title='bbox 486 470 516 520; x_wconf 91' lang='lat' dir='ltr'><strong>te</strong></span> <span class='ocrx_word' id='word_1_34' title='bbox 531 465 654 519; x_wconf 89' lang='lat' dir='ltr'><strong>oblivisci</strong></span> <span class='ocrx_word' id='word_1_35' title='bbox 671 467 831 520; x_wconf 79' lang='lat' dir='ltr'><strong>Ciceronem</strong></span> <span class='ocrx_word' id='word_1_36' title='bbox 848 484 915 534; x_wconf 86' lang='lat' dir='ltr'><strong>esse,</strong></span> <span class='ocrx_word' id='word_1_37' title='bbox 932 484 960 522; x_wconf 80' lang='lat' dir='ltr'><strong>c:</strong></span> 
     </span>
     <span class='ocr_line' id='line_1_6' title="bbox 110 542 960 613; baseline -0.002 -15"><span class='ocrx_word' id='word_1_38' title='bbox 110 561 173 598; x_wconf 88' lang='lat' dir='ltr'><strong>eum</strong></span> <span class='ocrx_word' id='word_1_39' title='bbox 191 545 239 613; x_wconf 93' lang='lat' dir='ltr'><strong>qui</strong></span> <span class='ocrx_word' id='word_1_40' title='bbox 256 543 316 596; x_wconf 87' lang='lat' dir='ltr'><strong>aliis</strong></span> <span class='ocrx_word' id='word_1_41' title='bbox 334 543 473 597; x_wconf 87' lang='lat' dir='ltr'><strong>consueris</strong></span> <span class='ocrx_word' id='word_1_42' title='bbox 490 543 649 612; x_wconf 80' lang='lat' dir='ltr'>praecipere</span> <span class='ocrx_word' id='word_1_43' title='bbox 668 545 698 596; x_wconf 90' lang='lat' dir='ltr'><strong>et</strong></span> <span class='ocrx_word' id='word_1_44' title='bbox 716 542 781 595; x_wconf 86' lang='lat' dir='ltr'><strong>dare</strong></span> <span class='ocrx_word' id='word_1_45' title='bbox 805 543 960 609; x_wconf 64' lang='lat' dir='ltr'><strong>consilium</strong></span> 
     </span>
     <span class='ocr_line' id='line_1_7' title="bbox 110 618 960 690; baseline -0.002 -16"><span class='ocrx_word' id='word_1_46' title='bbox 110 637 200 690; x_wconf 91' lang='lat' dir='ltr'><strong>neque</strong></span> <span class='ocrx_word' id='word_1_47' title='bbox 210 620 321 674; x_wconf 86' lang='lat' dir='ltr'><strong>imitare</strong></span> <span class='ocrx_word' id='word_1_48' title='bbox 332 620 418 673; x_wconf 87' lang='lat' dir='ltr'><strong>malos</strong></span> <span class='ocrx_word' id='word_1_49' title='bbox 429 619 560 686; x_wconf 88' lang='lat' dir='ltr'><strong>medicos,</strong></span> <span class='ocrx_word' id='word_1_50' title='bbox 574 619 660 687; x_wconf 87' lang='lat' dir='ltr'><strong>quiin</strong></span> <span class='ocrx_word' id='word_1_51' title='bbox 673 618 768 672; x_wconf 85' lang='lat' dir='ltr'><strong>alienis</strong></span> <span class='ocrx_word' id='word_1_52' title='bbox 783 619 885 672; x_wconf 82' lang='lat' dir='ltr'>morbis</span> <span class='ocrx_word' id='word_1_53' title='bbox 900 637 960 688; x_wconf 84' lang='lat' dir='ltr'><strong>pro-</strong></span> 
     </span>
     <span class='ocr_line' id='line_1_8' title="bbox 110 695 961 764; baseline -0.001 -14"><span class='ocrx_word' id='word_1_54' title='bbox 110 698 225 751; x_wconf 87' lang='lat' dir='ltr'><strong>fitentur</strong></span> <span class='ocrx_word' id='word_1_55' title='bbox 242 700 338 751; x_wconf 87' lang='lat' dir='ltr'><strong>tencre</strong></span> <span class='ocrx_word' id='word_1_56' title='bbox 360 713 389 750; x_wconf 88' lang='lat' dir='ltr'><strong>se</strong></span> <span class='ocrx_word' id='word_1_57' title='bbox 410 696 561 750; x_wconf 87' lang='lat' dir='ltr'><strong>medicinae</strong></span> <span class='ocrx_word' id='word_1_58' title='bbox 581 695 727 759; x_wconf 81' lang='lat' dir='ltr'><strong>scientiam,</strong></span> <span class='ocrx_word' id='word_1_59' title='bbox 745 695 798 764; x_wconf 91' lang='lat' dir='ltr'><strong>ipsi</strong></span> <span class='ocrx_word' id='word_1_60' title='bbox 817 712 847 749; x_wconf 89' lang='lat' dir='ltr'><strong>se</strong></span> <span class='ocrx_word' id='word_1_61' title='bbox 866 713 961 750; x_wconf 87' lang='lat' dir='ltr'><strong>curare</strong></span> 
     </span>
    </p>
   </div>
   <div class='ocr_carea' id='block_1_2' title="bbox 5 771 960 844">
    <p class='ocr_par' dir='ltr' id='par_1_3' title="bbox 5 771 960 844">
     <span class='ocr_line' id='line_1_9' title="bbox 5 771 960 844; baseline -0.001 -18"><span class='ocrx_word' id='word_1_62' title='bbox 5 805 8 808; x_wconf 74' lang='grc'><em>·</em></span> <span class='ocrx_word' id='word_1_63' title='bbox 110 791 163 826; x_wconf 89' lang='lat' dir='ltr'><strong>uon</strong></span> <span class='ocrx_word' id='word_1_64' title='bbox 175 777 289 842; x_wconf 89' lang='lat' dir='ltr'><strong>possunt</strong></span> <span class='ocrx_word' id='word_1_65' title='bbox 299 794 313 844; x_wconf 81' lang='lat'><strong>3.</strong></span> <span class='ocrx_word' id='word_1_66' title='bbox 322 773 372 825; x_wconf 90' lang='lat' dir='ltr'><strong>sed</strong></span> <span class='ocrx_word' id='word_1_67' title='bbox 383 773 474 840; x_wconf 89' lang='lat' dir='ltr'><strong>potius</strong></span> <span class='ocrx_word' id='word_1_68' title='bbox 485 789 556 840; x_wconf 91' lang='lat' dir='ltr'><strong>quae</strong></span> <span class='ocrx_word' id='word_1_69' title='bbox 569 771 630 824; x_wconf 84' lang='lat' dir='ltr'><strong>aliis</strong></span> <span class='ocrx_word' id='word_1_70' title='bbox 638 773 700 824; x_wconf 87' lang='lat' dir='ltr'><strong>tute</strong></span> <span class='ocrx_word' id='word_1_71' title='bbox 713 771 870 840; x_wconf 76' lang='lat' dir='ltr'><strong>praecipere</strong></span> <span class='ocrx_word' id='word_1_72' title='bbox 882 773 960 839; x_wconf 84' lang='lat' dir='ltr'><strong>solos,</strong></span> 
     </span>
    </p>
   </div>
   <div class='ocr_carea' id='block_1_3' title="bbox 110 847 960 1754">
    <p class='ocr_par' dir='ltr' id='par_1_4' title="bbox 110 847 960 1754">
     <span class='ocr_line' id='line_1_10' title="bbox 110 847 960 916; baseline -0.001 -13"><span class='ocrx_word' id='word_1_73' title='bbox 110 867 143 902; x_wconf 87' lang='lat' dir='ltr'><strong>ea</strong></span> <span class='ocrx_word' id='word_1_74' title='bbox 154 852 216 903; x_wconf 90' lang='lat' dir='ltr'><strong>tute</strong></span> <span class='ocrx_word' id='word_1_75' title='bbox 224 849 276 902; x_wconf 87' lang='lat' dir='ltr'><strong>tibi</strong></span> <span class='ocrx_word' id='word_1_76' title='bbox 289 849 393 916; x_wconf 83' lang='lat' dir='ltr'><strong>subjice</strong></span> <span class='ocrx_word' id='word_1_77' title='bbox 402 852 486 916; x_wconf 88' lang='lat' dir='ltr'><strong>atque</strong></span> <span class='ocrx_word' id='word_1_78' title='bbox 494 847 570 916; x_wconf 85' lang='lat' dir='ltr'><strong>apud</strong></span> <span class='ocrx_word' id='word_1_79' title='bbox 579 849 698 900; x_wconf 86' lang='lat' dir='ltr'><strong>animum</strong></span> <span class='ocrx_word' id='word_1_80' title='bbox 708 864 835 916; x_wconf 84' lang='lat' dir='ltr'><strong>propone.</strong></span> <span class='ocrx_word' id='word_1_81' title='bbox 862 847 887 900; x_wconf 89' lang='lat' dir='ltr'>N</span> <span class='ocrx_word' id='word_1_82' title='bbox 889 848 960 902; x_wconf 90' lang='lat' dir='ltr'><strong>ullus</strong></span> 
     </span>
     <span class='ocr_line' id='line_1_11' title="bbox 110 923 959 992; baseline -0.001 -15"><span class='ocrx_word' id='word_1_83' title='bbox 110 925 189 978; x_wconf 90' lang='lat' dir='ltr'><strong>dolor</strong></span> <span class='ocrx_word' id='word_1_84' title='bbox 207 929 251 979; x_wconf 86' lang='lat' dir='ltr'><strong>est</strong></span> <span class='ocrx_word' id='word_1_85' title='bbox 271 942 353 992; x_wconf 90' lang='lat' dir='ltr'><strong>quem</strong></span> <span class='ocrx_word' id='word_1_86' title='bbox 372 941 425 977; x_wconf 88' lang='lat' dir='ltr'><strong>nou</strong></span> <span class='ocrx_word' id='word_1_87' title='bbox 446 924 631 992; x_wconf 72' lang='lat' dir='ltr'><strong>longinquitas</strong></span> <span class='ocrx_word' id='word_1_88' title='bbox 650 923 783 992; x_wconf 89' lang='lat' dir='ltr'><strong>temporis</strong></span> <span class='ocrx_word' id='word_1_89' title='bbox 803 924 909 977; x_wconf 85' lang='lat' dir='ltr'><strong>minuat</strong></span> <span class='ocrx_word' id='word_1_90' title='bbox 928 941 959 976; x_wconf 89' lang='lat' dir='ltr'><strong>ac</strong></span> 
     </span>
     <span class='ocr_line' id='line_1_12' title="bbox 111 999 959 1069; baseline -0.002 -15"><span class='ocrx_word' id='word_1_91' title='bbox 111 1001 223 1054; x_wconf 85' lang='lat' dir='ltr'><strong>molliat.</strong></span> <span class='ocrx_word' id='word_1_92' title='bbox 260 1000 322 1054; x_wconf 90' lang='lat' dir='ltr'><strong>Hoc</strong></span> <span class='ocrx_word' id='word_1_93' title='bbox 338 1003 367 1053; x_wconf 89' lang='lat' dir='ltr'><strong>te</strong></span> <span class='ocrx_word' id='word_1_94' title='bbox 385 1005 545 1068; x_wconf 81' lang='lat' dir='ltr'><strong>exspectare</strong></span> <span class='ocrx_word' id='word_1_95' title='bbox 570 1004 678 1069; x_wconf 89' lang='lat' dir='ltr'><strong>tempus</strong></span> <span class='ocrx_word' id='word_1_96' title='bbox 696 999 748 1053; x_wconf 89' lang='lat' dir='ltr'><strong>tibi</strong></span> <span class='ocrx_word' id='word_1_97' title='bbox 766 1003 847 1068; x_wconf 81' lang='lat' dir='ltr'><strong>turpe</strong></span> <span class='ocrx_word' id='word_1_98' title='bbox 868 1005 911 1054; x_wconf 91' lang='lat' dir='ltr'><strong>est</strong></span> <span class='ocrx_word' id='word_1_99' title='bbox 929 1019 959 1053; x_wconf 87' lang='lat' dir='ltr'><strong>ao</strong></span> 
     </span>
     <span class='ocr_line' id='line_1_13' title="bbox 111 1075 957 1145; baseline -0.001 -16"><span class='ocrx_word' id='word_1_100' title='bbox 111 1094 164 1130; x_wconf 91' lang='lat' dir='ltr'><strong>uon</strong></span> <span class='ocrx_word' id='word_1_101' title='bbox 176 1077 201 1131; x_wconf 93' lang='lat' dir='ltr'><strong>ei</strong></span> <span class='ocrx_word' id='word_1_102' title='bbox 214 1077 255 1130; x_wconf 90' lang='lat' dir='ltr'><strong>rei</strong></span> <span class='ocrx_word' id='word_1_103' title='bbox 268 1076 403 1145; x_wconf 87' lang='lat' dir='ltr'><strong>sapientia</strong></span> <span class='ocrx_word' id='word_1_104' title='bbox 414 1079 503 1129; x_wconf 86' lang='lat' dir='ltr'><strong>tuate</strong></span> <span class='ocrx_word' id='word_1_105' title='bbox 515 1092 665 1129; x_wconf 89' lang='lat' dir='ltr'><strong>occurrere.</strong></span> <span class='ocrx_word' id='word_1_106' title='bbox 692 1075 772 1140; x_wconf 73' lang='lat' dir='ltr'><strong>Quod</strong></span> <span class='ocrx_word' id='word_1_107' title='bbox 784 1075 864 1144; x_wconf 91' lang='lat' dir='ltr'><strong>siqui</strong></span> <span class='ocrx_word' id='word_1_108' title='bbox 875 1077 957 1130; x_wconf 87' lang='lat' dir='ltr'><strong>etiam</strong></span> 
     </span>
     <span class='ocr_line' id='line_1_14' title="bbox 111 1151 958 1224; baseline -0.002 -18"><span class='ocrx_word' id='word_1_109' title='bbox 111 1153 205 1206; x_wconf 86' lang='lat' dir='ltr'><strong>inferis</strong></span> <span class='ocrx_word' id='word_1_110' title='bbox 217 1170 312 1206; x_wconf 88' lang='lat' dir='ltr'><strong>sensus</strong></span> <span class='ocrx_word' id='word_1_111' title='bbox 324 1156 374 1220; x_wconf 89' lang='lat' dir='ltr'><strong>est,</strong></span> <span class='ocrx_word' id='word_1_112' title='bbox 387 1153 433 1220; x_wconf 92' lang='lat' dir='ltr'><strong>qui</strong></span> <span class='ocrx_word' id='word_1_113' title='bbox 445 1152 520 1205; x_wconf 90' lang='lat' dir='ltr'><strong>illius</strong></span> <span class='ocrx_word' id='word_1_114' title='bbox 532 1152 560 1204; x_wconf 91' lang='lat' dir='ltr'><strong>in</strong></span> <span class='ocrx_word' id='word_1_115' title='bbox 572 1155 606 1224; x_wconf 86' lang='lat' dir='ltr'><strong>te</strong></span> <span class='ocrx_word' id='word_1_116' title='bbox 615 1168 690 1204; x_wconf 88' lang='lat' dir='ltr'><strong>amor</strong></span> <span class='ocrx_word' id='word_1_117' title='bbox 705 1151 758 1205; x_wconf 91' lang='lat' dir='ltr'><strong>fuit</strong></span> <span class='ocrx_word' id='word_1_118' title='bbox 774 1151 918 1221; x_wconf 85' lang='lat' dir='ltr'><strong>pietasque</strong></span> <span class='ocrx_word' id='word_1_119' title='bbox 932 1153 958 1205; x_wconf 89' lang='lat' dir='ltr'><strong>in</strong></span> 
     </span>
     <span class='ocr_line' id='line_1_15' title="bbox 111 1225 957 1295; baseline -0.001 -14"><span class='ocrx_word' id='word_1_120' title='bbox 111 1246 204 1283; x_wconf 90' lang='lat' dir='ltr'><strong>omnes</strong></span> <span class='ocrx_word' id='word_1_121' title='bbox 216 1245 286 1295; x_wconf 90' lang='lat' dir='ltr'><strong>suos,</strong></span> <span class='ocrx_word' id='word_1_122' title='bbox 299 1229 351 1282; x_wconf 89' lang='lat' dir='ltr'><strong>hoc</strong></span> <span class='ocrx_word' id='word_1_123' title='bbox 362 1231 436 1282; x_wconf 82' lang='lat' dir='ltr'><strong>certe</strong></span> <span class='ocrx_word' id='word_1_124' title='bbox 448 1228 495 1280; x_wconf 90' lang='lat' dir='ltr'><strong>illa</strong></span> <span class='ocrx_word' id='word_1_125' title='bbox 506 1232 535 1280; x_wconf 90' lang='lat' dir='ltr'><strong>te</strong></span> <span class='ocrx_word' id='word_1_126' title='bbox 546 1227 637 1280; x_wconf 86' lang='lat' dir='ltr'><strong>facere</strong></span> <span class='ocrx_word' id='word_1_127' title='bbox 648 1244 701 1280; x_wconf 88' lang='lat' dir='ltr'><strong>non</strong></span> <span class='ocrx_word' id='word_1_128' title='bbox 713 1227 778 1280; x_wconf 81' lang='lat' dir='ltr'><strong>vult.</strong></span> <span class='ocrx_word' id='word_1_129' title='bbox 805 1225 848 1280; x_wconf 82' lang='lat' dir='ltr'><strong>Du</strong></span> <span class='ocrx_word' id='word_1_130' title='bbox 859 1228 910 1280; x_wconf 87' lang='lat' dir='ltr'><strong>hoe</strong></span> <span class='ocrx_word' id='word_1_131' title='bbox 919 1228 957 1280; x_wconf 90' lang='lat' dir='ltr'><strong>illi</strong></span> 
     </span>
     <span class='ocr_line' id='line_1_16' title="bbox 112 1301 959 1370; baseline -0.001 -13"><span class='ocrx_word' id='word_1_132' title='bbox 112 1309 249 1370; x_wconf 78' lang='lat' dir='ltr'><strong>mortuae3</strong></span> <span class='ocrx_word' id='word_1_133' title='bbox 263 1305 300 1357; x_wconf 94' lang='lat' dir='ltr'><strong>da</strong></span> <span class='ocrx_word' id='word_1_134' title='bbox 308 1305 408 1358; x_wconf 89' lang='lat' dir='ltr'><strong>ceteris</strong></span> <span class='ocrx_word' id='word_1_135' title='bbox 416 1303 510 1357; x_wconf 84' lang='lat' dir='ltr'><strong>amicis</strong></span> <span class='ocrx_word' id='word_1_136' title='bbox 519 1319 550 1356; x_wconf 88' lang='lat' dir='ltr'><strong>ac</strong></span> <span class='ocrx_word' id='word_1_137' title='bbox 560 1301 737 1355; x_wconf 80' lang='lat' dir='ltr'><strong>familiaribus</strong></span> <span class='ocrx_word' id='word_1_138' title='bbox 750 1301 797 1370; x_wconf 92' lang='lat' dir='ltr'><strong>qui</strong></span> <span class='ocrx_word' id='word_1_139' title='bbox 809 1306 857 1356; x_wconf 92' lang='lat' dir='ltr'><strong>tuo</strong></span> <span class='ocrx_word' id='word_1_140' title='bbox 866 1303 959 1357; x_wconf 89' lang='lat' dir='ltr'><strong>dolore</strong></span> 
     </span>
     <span class='ocr_line' id='line_1_17' title="bbox 111 1378 958 1449; baseline 0 -16"><span class='ocrx_word' id='word_1_141' title='bbox 111 1385 248 1446; x_wconf 76' lang='lat' dir='ltr'><strong>nraerent3</strong></span> <span class='ocrx_word' id='word_1_142' title='bbox 272 1380 308 1433; x_wconf 90' lang='lat' dir='ltr'><strong>da</strong></span> <span class='ocrx_word' id='word_1_143' title='bbox 321 1380 435 1449; x_wconf 79' lang='lat' dir='ltr'><strong>patriae,</strong></span> <span class='ocrx_word' id='word_1_144' title='bbox 452 1382 484 1432; x_wconf 92' lang='lat' dir='ltr'><strong>ut</strong></span> <span class='ocrx_word' id='word_1_145' title='bbox 499 1379 521 1431; x_wconf 93' lang='lat' dir='ltr'><strong>si</strong></span> <span class='ocrx_word' id='word_1_146' title='bbox 538 1378 634 1446; x_wconf 89' lang='lat' dir='ltr'><strong>quain</strong></span> <span class='ocrx_word' id='word_1_147' title='bbox 649 1395 681 1432; x_wconf 90' lang='lat' dir='ltr'><strong>rc</strong></span> <span class='ocrx_word' id='word_1_148' title='bbox 697 1395 765 1446; x_wconf 90' lang='lat' dir='ltr'><strong>opus</strong></span> <span class='ocrx_word' id='word_1_149' title='bbox 780 1378 816 1436; x_wconf 88' lang='lat' dir='ltr'><strong>sit</strong></span> <span class='ocrx_word' id='word_1_150' title='bbox 832 1395 913 1446; x_wconf 82' lang='lat' dir='ltr'><strong>opera</strong></span> <span class='ocrx_word' id='word_1_151' title='bbox 930 1385 958 1433; x_wconf 89' lang='lat' dir='ltr'><strong>ct</strong></span> 
     </span>
     <span class='ocr_line' id='line_1_18' title="bbox 111 1454 958 1524; baseline -0.001 -15"><span class='ocrx_word' id='word_1_152' title='bbox 111 1457 221 1511; x_wconf 88' lang='lat' dir='ltr'><strong>consilio</strong></span> <span class='ocrx_word' id='word_1_153' title='bbox 233 1462 281 1510; x_wconf 90' lang='lat' dir='ltr'><strong>tuo</strong></span> <span class='ocrx_word' id='word_1_154' title='bbox 292 1457 334 1510; x_wconf 89' lang='lat' dir='ltr'><strong>uti</strong></span> <span class='ocrx_word' id='word_1_155' title='bbox 346 1456 440 1524; x_wconf 87' lang='lat' dir='ltr'><strong>possit.</strong></span> <span class='ocrx_word' id='word_1_156' title='bbox 478 1455 603 1523; x_wconf 87' lang='lat' dir='ltr'><strong>Denique</strong></span> <span class='ocrx_word' id='word_1_157' title='bbox 615 1455 743 1522; x_wconf 85' lang='lat' dir='ltr'><strong>quoniam</strong></span> <span class='ocrx_word' id='word_1_158' title='bbox 756 1454 784 1506; x_wconf 91' lang='lat' dir='ltr'><strong>in</strong></span> <span class='ocrx_word' id='word_1_159' title='bbox 797 1471 857 1508; x_wconf 88' lang='lat' dir='ltr'><strong>eam</strong></span> <span class='ocrx_word' id='word_1_160' title='bbox 874 1455 958 1508; x_wconf 86' lang='lat' dir='ltr'><strong>fcrtu-</strong></span> 
     </span>
     <span class='ocr_line' id='line_1_19' title="bbox 111 1529 958 1598; baseline -0.001 -12"><span class='ocrx_word' id='word_1_161' title='bbox 111 1550 174 1586; x_wconf 88' lang='lat' dir='ltr'><strong>nam</strong></span> <span class='ocrx_word' id='word_1_162' title='bbox 186 1533 345 1586; x_wconf 85' lang='lat' dir='ltr'><strong>devenimus</strong></span> <span class='ocrx_word' id='word_1_163' title='bbox 361 1535 393 1584; x_wconf 91' lang='lat' dir='ltr'><strong>ut</strong></span> <span class='ocrx_word' id='word_1_164' title='bbox 410 1531 493 1584; x_wconf 86' lang='lat' dir='ltr'><strong>etiam</strong></span> <span class='ocrx_word' id='word_1_165' title='bbox 509 1530 573 1584; x_wconf 89' lang='lat' dir='ltr'><strong>huic</strong></span> <span class='ocrx_word' id='word_1_166' title='bbox 584 1530 624 1583; x_wconf 92' lang='lat' dir='ltr'><strong>rei</strong></span> <span class='ocrx_word' id='word_1_167' title='bbox 640 1530 717 1584; x_wconf 87' lang='lat' dir='ltr'><strong>nobis</strong></span> <span class='ocrx_word' id='word_1_168' title='bbox 729 1529 900 1584; x_wconf 84' lang='lat' dir='ltr'><strong>serviendum</strong></span> <span class='ocrx_word' id='word_1_169' title='bbox 914 1532 958 1598; x_wconf 84' lang='lat' dir='ltr'><strong>sit,</strong></span> 
     </span>
     <span class='ocr_line' id='line_1_20' title="bbox 111 1606 958 1675; baseline -0.002 -13"><span class='ocrx_word' id='word_1_170' title='bbox 111 1609 166 1663; x_wconf 90' lang='lat' dir='ltr'><strong>uoli</strong></span> <span class='ocrx_word' id='word_1_171' title='bbox 183 1609 353 1663; x_wconf 71' lang='lat' dir='ltr'><strong>dimmittere</strong></span> <span class='ocrx_word' id='word_1_172' title='bbox 370 1610 403 1660; x_wconf 87' lang='lat' dir='ltr'><strong>ut</strong></span> <span class='ocrx_word' id='word_1_173' title='bbox 420 1606 564 1675; x_wconf 87' lang='lat' dir='ltr'><strong>quisquam</strong></span> <span class='ocrx_word' id='word_1_174' title='bbox 582 1609 611 1659; x_wconf 89' lang='lat' dir='ltr'><strong>tc</strong></span> <span class='ocrx_word' id='word_1_175' title='bbox 628 1610 709 1675; x_wconf 86' lang='lat' dir='ltr'><strong>putet</strong></span> <span class='ocrx_word' id='word_1_176' title='bbox 725 1622 779 1658; x_wconf 88' lang='lat' dir='ltr'><strong>nou</strong></span> <span class='ocrx_word' id='word_1_177' title='bbox 797 1609 854 1660; x_wconf 85' lang='lat' dir='ltr'><strong>tam</strong></span> <span class='ocrx_word' id='word_1_178' title='bbox 874 1606 958 1661; x_wconf 86' lang='lat' dir='ltr'><strong>filiam</strong></span> 
     </span>
     <span class='ocr_line' id='line_1_21' title="bbox 111 1681 956 1754; baseline -0.004 -14"><span class='ocrx_word' id='word_1_179' title='bbox 111 1702 193 1753; x_wconf 87' lang='lat' dir='ltr'><strong>quam</strong></span> <span class='ocrx_word' id='word_1_180' title='bbox 205 1685 245 1739; x_wconf 86' lang='lat' dir='ltr'><strong>rei</strong></span> <span class='ocrx_word' id='word_1_181' title='bbox 260 1684 386 1754; x_wconf 87' lang='lat' dir='ltr'><strong>publicae</strong></span> <span class='ocrx_word' id='word_1_182' title='bbox 398 1689 522 1751; x_wconf 84' lang='lat' dir='ltr'><strong>tempora</strong></span> <span class='ocrx_word' id='word_1_183' title='bbox 533 1686 563 1736; x_wconf 89' lang='lat' dir='ltr'><strong>et</strong></span> <span class='ocrx_word' id='word_1_184' title='bbox 574 1681 689 1736; x_wconf 87' lang='lat' dir='ltr'><strong>aliorum</strong></span> <span class='ocrx_word' id='word_1_185' title='bbox 700 1682 844 1736; x_wconf 82' lang='lat' dir='ltr'><strong>victoriam</strong></span> <span class='ocrx_word' id='word_1_186' title='bbox 856 1683 956 1752; x_wconf 85' lang='lat' dir='ltr'><strong>lugere.</strong></span> 
     </span>
    </p>
   </div>
   <div class='ocr_carea' id='block_1_4' title="bbox 113 1758 1035 1829">
    <p class='ocr_par' dir='ltr' id='par_1_5' title="bbox 113 1758 1035 1829">
     <span class='ocr_line' id='line_1_22' title="bbox 113 1758 1035 1829; baseline -0.001 -14"><span class='ocrx_word' id='word_1_187' title='bbox 113 1762 196 1815; x_wconf 90' lang='lat' dir='ltr'><strong>Plura</strong></span> <span class='ocrx_word' id='word_1_188' title='bbox 206 1778 251 1815; x_wconf 89' lang='lat' dir='ltr'><strong>me</strong></span> <span class='ocrx_word' id='word_1_189' title='bbox 262 1760 299 1815; x_wconf 88' lang='lat' dir='ltr'><strong>ad</strong></span> <span class='ocrx_word' id='word_1_190' title='bbox 310 1765 339 1813; x_wconf 89' lang='lat' dir='ltr'><strong>te</strong></span> <span class='ocrx_word' id='word_1_191' title='bbox 351 1760 387 1812; x_wconf 94' lang='lat' dir='ltr'><strong>de</strong></span> <span class='ocrx_word' id='word_1_192' title='bbox 398 1758 448 1812; x_wconf 73' lang='lat' dir='ltr'><strong>liae</strong></span> <span class='ocrx_word' id='word_1_193' title='bbox 460 1775 490 1811; x_wconf 91' lang='lat' dir='ltr'><strong>re</strong></span> <span class='ocrx_word' id='word_1_194' title='bbox 503 1758 623 1811; x_wconf 88' lang='lat' dir='ltr'><strong>scribere</strong></span> <span class='ocrx_word' id='word_1_195' title='bbox 634 1760 730 1827; x_wconf 88' lang='lat' dir='ltr'><strong>pudet,</strong></span> <span class='ocrx_word' id='word_1_196' title='bbox 742 1775 777 1812; x_wconf 90' lang='lat' dir='ltr'><strong>ue</strong></span> <span class='ocrx_word' id='word_1_197' title='bbox 790 1758 884 1813; x_wconf 87' lang='lat' dir='ltr'><strong>videar</strong></span> <span class='ocrx_word' id='word_1_198' title='bbox 894 1777 957 1829; x_wconf 86' lang='lat' dir='ltr'><strong>pru-</strong></span> <span class='ocrx_word' id='word_1_199' title='bbox 1032 1767 1035 1772; x_wconf 85' lang='grc'><em>“</em></span> 
     </span>
    </p>
   </div>
   <div class='ocr_carea' id='block_1_5' title="bbox 54 1834 957 2586">
    <p class='ocr_par' dir='ltr' id='par_1_6' title="bbox 54 1834 957 2586">
     <span class='ocr_line' id='line_1_23' title="bbox 111 1834 957 1904; baseline -0.001 -13"><span class='ocrx_word' id='word_1_200' title='bbox 111 1838 221 1891; x_wconf 86' lang='lat' dir='ltr'><strong>dentiae</strong></span> <span class='ocrx_word' id='word_1_201' title='bbox 232 1841 298 1890; x_wconf 87' lang='lat' dir='ltr'><strong>tuae</strong></span> <span class='ocrx_word' id='word_1_202' title='bbox 309 1836 439 1888; x_wconf 88' lang='lat' dir='ltr'><strong>diffidere.</strong></span> <span class='ocrx_word' id='word_1_203' title='bbox 477 1834 575 1901; x_wconf 83' lang='lat' dir='ltr'><strong>Quare,</strong></span> <span class='ocrx_word' id='word_1_204' title='bbox 588 1834 610 1887; x_wconf 91' lang='lat' dir='ltr'><strong>si</strong></span> <span class='ocrx_word' id='word_1_205' title='bbox 626 1835 676 1888; x_wconf 89' lang='lat' dir='ltr'><strong>hoe</strong></span> <span class='ocrx_word' id='word_1_206' title='bbox 687 1852 771 1889; x_wconf 93' lang='lat' dir='ltr'><strong>unum</strong></span> <span class='ocrx_word' id='word_1_207' title='bbox 783 1852 957 1904; x_wconf 88' lang='lat' dir='ltr'><strong>proposuero,</strong></span> 
     </span>
     <span class='ocr_line' id='line_1_24' title="bbox 112 1910 957 1979; baseline -0.001 -13"><span class='ocrx_word' id='word_1_208' title='bbox 112 1914 193 1967; x_wconf 85' lang='lat' dir='ltr'><strong>finem</strong></span> <span class='ocrx_word' id='word_1_209' title='bbox 209 1913 307 1965; x_wconf 84' lang='lat' dir='ltr'><strong>faciam</strong></span> <span class='ocrx_word' id='word_1_210' title='bbox 324 1910 467 1965; x_wconf 87' lang='lat' dir='ltr'><strong>scribendi.</strong></span> <span class='ocrx_word' id='word_1_211' title='bbox 505 1910 632 1964; x_wconf 88' lang='lat' dir='ltr'><strong>Vidimus</strong></span> <span class='ocrx_word' id='word_1_212' title='bbox 650 1910 794 1979; x_wconf 86' lang='lat' dir='ltr'><strong>aliquoties</strong></span> <span class='ocrx_word' id='word_1_213' title='bbox 811 1913 957 1965; x_wconf 89' lang='lat' dir='ltr'><strong>secundam</strong></span> 
     </span>
     <span class='ocr_line' id='line_1_25' title="bbox 112 1986 957 2056; baseline 0.001 -14"><span class='ocrx_word' id='word_1_214' title='bbox 112 1987 292 2056; x_wconf 86' lang='lat' dir='ltr'><strong>pulcherrime</strong></span> <span class='ocrx_word' id='word_1_215' title='bbox 310 1990 339 2040; x_wconf 90' lang='lat' dir='ltr'><strong>te</strong></span> <span class='ocrx_word' id='word_1_216' title='bbox 354 1987 427 2039; x_wconf 82' lang='lat' dir='ltr'><strong>ferre</strong></span> <span class='ocrx_word' id='word_1_217' title='bbox 445 1986 591 2054; x_wconf 87' lang='lat' dir='ltr'><strong>fortunam,</strong></span> <span class='ocrx_word' id='word_1_218' title='bbox 603 2002 784 2055; x_wconf 85' lang='lat' dir='ltr'><strong>magnamque</strong></span> <span class='ocrx_word' id='word_1_219' title='bbox 796 2004 830 2042; x_wconf 87' lang='lat' dir='ltr'><strong>ex</strong></span> <span class='ocrx_word' id='word_1_220' title='bbox 842 2004 875 2041; x_wconf 86' lang='lat' dir='ltr'><strong>ea</strong></span> <span class='ocrx_word' id='word_1_221' title='bbox 887 2006 917 2043; x_wconf 88' lang='lat' dir='ltr'><strong>re</strong></span> <span class='ocrx_word' id='word_1_222' title='bbox 928 1992 957 2043; x_wconf 90' lang='lat' dir='ltr'><strong>to</strong></span> 
     </span>
     <span class='ocr_line' id='line_1_26' title="bbox 112 2060 956 2131; baseline 0 -14"><span class='ocrx_word' id='word_1_223' title='bbox 112 2064 219 2118; x_wconf 78' lang='lat' dir='ltr'><strong>laudem</strong></span> <span class='ocrx_word' id='word_1_224' title='bbox 243 2061 345 2131; x_wconf 89' lang='lat' dir='ltr'><strong>apisci;</strong></span> <span class='ocrx_word' id='word_1_225' title='bbox 374 2062 417 2114; x_wconf 83' lang='lat' dir='ltr'><strong>fac</strong></span> <span class='ocrx_word' id='word_1_226' title='bbox 437 2060 584 2129; x_wconf 85' lang='lat' dir='ltr'><strong>aliquando</strong></span> <span class='ocrx_word' id='word_1_227' title='bbox 607 2062 790 2129; x_wconf 87' lang='lat' dir='ltr'><strong>intelligamus</strong></span> <span class='ocrx_word' id='word_1_228' title='bbox 815 2062 956 2119; x_wconf 77' lang='lat' dir='ltr'><strong>adversarii</strong></span> 
     </span>
     <span class='ocr_line' id='line_1_27' title="bbox 111 2137 956 2209; baseline 0.002 -17"><span class='ocrx_word' id='word_1_229' title='bbox 111 2156 219 2209; x_wconf 86' lang='lat' dir='ltr'><strong>quoque</strong></span> <span class='ocrx_word' id='word_1_230' title='bbox 239 2142 269 2193; x_wconf 86' lang='lat' dir='ltr'><strong>te</strong></span> <span class='ocrx_word' id='word_1_231' title='bbox 289 2154 376 2207; x_wconf 88' lang='lat' dir='ltr'><strong>aeque</strong></span> <span class='ocrx_word' id='word_1_232' title='bbox 400 2137 472 2190; x_wconf 85' lang='lat' dir='ltr'><strong>ferre</strong></span> <span class='ocrx_word' id='word_1_233' title='bbox 492 2153 580 2206; x_wconf 87' lang='lat' dir='ltr'><strong>posse,</strong></span> <span class='ocrx_word' id='word_1_234' title='bbox 601 2154 691 2206; x_wconf 91' lang='lat' dir='ltr'><strong>neque</strong></span> <span class='ocrx_word' id='word_1_235' title='bbox 712 2138 742 2190; x_wconf 91' lang='lat' dir='ltr'><strong>id</strong></span> <span class='ocrx_word' id='word_1_236' title='bbox 763 2138 851 2207; x_wconf 82' lang='lat' dir='ltr'><strong>majus</strong></span> <span class='ocrx_word' id='word_1_237' title='bbox 876 2158 956 2207; x_wconf 88' lang='lat' dir='ltr'><strong>quam</strong></span> 
     </span>
     <span class='ocr_line' id='line_1_28' title="bbox 111 2213 957 2279; baseline -0.001 -9"><span class='ocrx_word' id='word_1_238' title='bbox 111 2216 211 2270; x_wconf 83' lang='lat' dir='ltr'><strong>debeat</strong></span> <span class='ocrx_word' id='word_1_239' title='bbox 227 2215 279 2269; x_wconf 86' lang='lat' dir='ltr'><strong>tibi</strong></span> <span class='ocrx_word' id='word_1_240' title='bbox 294 2230 362 2267; x_wconf 90' lang='lat' dir='ltr'><strong>onus</strong></span> <span class='ocrx_word' id='word_1_241' title='bbox 377 2213 473 2279; x_wconf 81' lang='lat' dir='ltr'><strong>videri,</strong></span> <span class='ocrx_word' id='word_1_242' title='bbox 485 2230 520 2267; x_wconf 90' lang='lat' dir='ltr'><strong>ne</strong></span> <span class='ocrx_word' id='word_1_243' title='bbox 536 2229 572 2266; x_wconf 85' lang='lat' dir='ltr'><strong>ex</strong></span> <span class='ocrx_word' id='word_1_244' title='bbox 589 2213 714 2267; x_wconf 88' lang='lat' dir='ltr'><strong>omnibus</strong></span> <span class='ocrx_word' id='word_1_245' title='bbox 731 2214 878 2269; x_wconf 86' lang='lat' dir='ltr'><strong>virtutibus</strong></span> <span class='ocrx_word' id='word_1_246' title='bbox 890 2216 957 2269; x_wconf 87' lang='lat' dir='ltr'><strong>lmec</strong></span> 
     </span>
     <span class='ocr_line' id='line_1_29' title="bbox 111 2288 957 2358; baseline 0 -13"><span class='ocrx_word' id='word_1_247' title='bbox 111 2310 165 2345; x_wconf 87' lang='lat' dir='ltr'><strong>uua</strong></span> <span class='ocrx_word' id='word_1_248' title='bbox 173 2292 225 2345; x_wconf 91' lang='lat' dir='ltr'><strong>tibi</strong></span> <span class='ocrx_word' id='word_1_249' title='bbox 236 2290 363 2344; x_wconf 80' lang='lat' dir='ltr'><strong>videatur</strong></span> <span class='ocrx_word' id='word_1_250' title='bbox 374 2288 476 2342; x_wconf 86' lang='lat' dir='ltr'><strong>deesse.</strong></span> <span class='ocrx_word' id='word_1_251' title='bbox 513 2289 594 2353; x_wconf 82' lang='lat' dir='ltr'><strong>Quod</strong></span> <span class='ocrx_word' id='word_1_252' title='bbox 605 2288 641 2341; x_wconf 89' lang='lat' dir='ltr'><strong>ad</strong></span> <span class='ocrx_word' id='word_1_253' title='bbox 653 2292 697 2342; x_wconf 86' lang='lat' dir='ltr'><strong>mc</strong></span> <span class='ocrx_word' id='word_1_254' title='bbox 710 2290 816 2351; x_wconf 76' lang='lat' dir='ltr'><strong>attinet</strong></span> <span class='ocrx_word' id='word_1_255' title='bbox 829 2307 912 2358; x_wconf 91' lang='lat' dir='ltr'><strong>quum</strong></span> <span class='ocrx_word' id='word_1_256' title='bbox 929 2296 957 2346; x_wconf 91' lang='lat' dir='ltr'><strong>te</strong></span> 
     </span>
     <span class='ocr_line' id='line_1_30' title="bbox 111 2365 957 2437; baseline 0 -16"><span class='ocrx_word' id='word_1_257' title='bbox 111 2367 326 2437; x_wconf 87' lang='lat' dir='ltr'><strong>tranquilliorem</strong></span> <span class='ocrx_word' id='word_1_258' title='bbox 350 2365 439 2419; x_wconf 86' lang='lat' dir='ltr'><strong>animo</strong></span> <span class='ocrx_word' id='word_1_259' title='bbox 457 2381 518 2419; x_wconf 87' lang='lat' dir='ltr'><strong>esse</strong></span> <span class='ocrx_word' id='word_1_260' title='bbox 535 2381 661 2432; x_wconf 80' lang='lat' dir='ltr'><strong>cognoro,</strong></span> <span class='ocrx_word' id='word_1_261' title='bbox 680 2365 715 2418; x_wconf 94' lang='lat' dir='ltr'><strong>de</strong></span> <span class='ocrx_word' id='word_1_262' title='bbox 733 2365 766 2418; x_wconf 90' lang='lat' dir='ltr'><strong>iis</strong></span> <span class='ocrx_word' id='word_1_263' title='bbox 784 2366 866 2420; x_wconf 87' lang='lat' dir='ltr'><strong>rebus</strong></span> <span class='ocrx_word' id='word_1_264' title='bbox 887 2385 957 2435; x_wconf 79' lang='lat' dir='ltr'><strong>quac</strong></span> 
     </span>
     <span class='ocr_line' id='line_1_31' title="bbox 111 2440 956 2511; baseline 0.001 -15"><span class='ocrx_word' id='word_1_265' title='bbox 111 2445 153 2496; x_wconf 77' lang='lat' dir='ltr'><strong>liic</strong></span> <span class='ocrx_word' id='word_1_266' title='bbox 171 2446 311 2511; x_wconf 78' lang='lat' dir='ltr'><strong>geruntur,</strong></span> <span class='ocrx_word' id='word_1_267' title='bbox 330 2440 617 2510; x_wconf 84' lang='lat' dir='ltr'><strong>quemadmodumque</strong></span> <span class='ocrx_word' id='word_1_268' title='bbox 638 2457 667 2493; x_wconf 88' lang='lat' dir='ltr'><strong>se</strong></span> <span class='ocrx_word' id='word_1_269' title='bbox 688 2441 824 2508; x_wconf 84' lang='lat' dir='ltr'><strong>provincia</strong></span> <span class='ocrx_word' id='word_1_270' title='bbox 847 2442 956 2511; x_wconf 86' lang='lat' dir='ltr'><strong>habeat,</strong></span> 
     </span>
     <span class='ocr_line' id='line_1_32' title="bbox 54 2516 482 2586; baseline -0.007 -12"><span class='ocrx_word' id='word_1_271' title='bbox 54 2577 58 2586; x_wconf 58' lang='grc'>,</span> <span class='ocrx_word' id='word_1_272' title='bbox 110 2522 255 2573; x_wconf 77' lang='lat' dir='ltr'><strong>certiorem</strong></span> <span class='ocrx_word' id='word_1_273' title='bbox 266 2518 369 2572; x_wconf 83' lang='lat' dir='ltr'><strong>faciam</strong></span> <span class='ocrx_word' id='word_1_274' title='bbox 406 2516 482 2571; x_wconf 87' lang='lat' dir='ltr'><strong>Vale.</strong></span> 
     </span>
    </p>
   </div>
   <div class='ocr_carea' id='block_1_6' title="bbox 214 2640 850 2793">
    <p class='ocr_par' dir='ltr' id='par_1_7' title="bbox 214 2640 850 2793">
     <span class='ocr_line' id='line_1_33' title="bbox 214 2640 850 2692; baseline 0 -1"><span class='ocrx_word' id='word_1_275' title='bbox 214 2644 253 2692; x_wconf 84' lang='lat'><strong>13.</strong></span> <span class='ocrx_word' id='word_1_276' title='bbox 287 2642 326 2691; x_wconf 90' lang='grc' dir='ltr'><strong>Μ.</strong></span> <span class='ocrx_word' id='word_1_277' title='bbox 345 2640 473 2690; x_wconf 80' lang='lat' dir='ltr'>CICERO</span> <span class='ocrx_word' id='word_1_278' title='bbox 490 2642 515 2689; x_wconf 84' lang='lat' dir='ltr'><strong>S.</strong></span> <span class='ocrx_word' id='word_1_279' title='bbox 532 2641 564 2689; x_wconf 93' lang='lat' dir='ltr'><strong>D.</strong></span> <span class='ocrx_word' id='word_1_280' title='bbox 584 2641 656 2689; x_wconf 82' lang='lat' dir='ltr'><strong>SER.</strong></span> <span class='ocrx_word' id='word_1_281' title='bbox 676 2641 850 2691; x_wconf 81' lang='lat' dir='ltr'><strong>SULPIOIO.</strong></span> 
     </span>
     <span class='ocr_line' id='line_1_34' title="bbox 384 2729 683 2793; baseline 0.007 -17"><span class='ocrx_word' id='word_1_282' title='bbox 384 2729 429 2791; x_wconf 79' lang='lat' dir='ltr'><strong>(iv.</strong></span> <span class='ocrx_word' id='word_1_283' title='bbox 442 2733 464 2778; x_wconf 89' lang='grc'><strong>6.</strong></span> <span class='ocrx_word' id='word_1_284' title='bbox 500 2743 525 2778; x_wconf 80' lang='grc' dir='ltr'><strong>Δ.</strong></span> <span class='ocrx_word' id='word_1_285' title='bbox 540 2742 565 2778; x_wconf 87' lang='lat' dir='ltr'><strong>o.</strong></span> <span class='ocrx_word' id='word_1_286' title='bbox 578 2742 600 2777; x_wconf 88' lang='lat' dir='ltr'><strong>c.</strong></span> <span class='ocrx_word' id='word_1_287' title='bbox 614 2729 683 2793; x_wconf 82' lang='lat'><strong>709.)</strong></span> 
     </span>
    </p>
   </div>
   <div class='ocr_carea' id='block_1_7' title="bbox 110 2825 958 3276">
    <p class='ocr_par' dir='ltr' id='par_1_8' title="bbox 110 2825 958 3276">
     <span class='ocr_line' id='line_1_35' title="bbox 115 2825 957 2898; baseline 0.001 -16"><span class='ocrx_word' id='word_1_288' title='bbox 115 2831 170 2898; x_wconf 81' lang='lat' dir='ltr'><strong>Ego</strong></span> <span class='ocrx_word' id='word_1_289' title='bbox 188 2845 260 2896; x_wconf 81' lang='lat' dir='ltr'><strong>vcro,</strong></span> <span class='ocrx_word' id='word_1_290' title='bbox 273 2829 357 2897; x_wconf 79' lang='lat' dir='ltr'><strong>Servi,</strong></span> <span class='ocrx_word' id='word_1_291' title='bbox 372 2828 478 2893; x_wconf 82' lang='lat' dir='ltr'><strong>vellem,</strong></span> <span class='ocrx_word' id='word_1_292' title='bbox 494 2829 527 2880; x_wconf 92' lang='lat' dir='ltr'><strong>ut</strong></span> <span class='ocrx_word' id='word_1_293' title='bbox 545 2825 650 2893; x_wconf 88' lang='lat' dir='ltr'><strong>scribis,</strong></span> <span class='ocrx_word' id='word_1_294' title='bbox 671 2828 700 2880; x_wconf 89' lang='lat' dir='ltr'><strong>iu</strong></span> <span class='ocrx_word' id='word_1_295' title='bbox 718 2844 779 2882; x_wconf 91' lang='lat' dir='ltr'><strong>meo</strong></span> <span class='ocrx_word' id='word_1_296' title='bbox 798 2827 957 2895; x_wconf 81' lang='lat' dir='ltr'><strong>gravissimo</strong></span> 
     </span>
     <span class='ocr_line' id='line_1_36' title="bbox 110 2902 957 2972; baseline -0.002 -12"><span class='ocrx_word' id='word_1_297' title='bbox 110 2922 175 2960; x_wconf 86' lang='lat' dir='ltr'><strong>casn</strong></span> <span class='ocrx_word' id='word_1_298' title='bbox 191 2905 331 2959; x_wconf 82' lang='lat' dir='ltr'><strong>adfuisses.</strong></span> <span class='ocrx_word' id='word_1_299' title='bbox 369 2904 508 2969; x_wconf 84' lang='lat' dir='ltr'><strong>Quantum</strong></span> <span class='ocrx_word' id='word_1_300' title='bbox 525 2902 599 2956; x_wconf 88' lang='lat' dir='ltr'><strong>enim</strong></span> <span class='ocrx_word' id='word_1_301' title='bbox 616 2918 746 2971; x_wconf 87' lang='lat' dir='ltr'><strong>praeseus</strong></span> <span class='ocrx_word' id='word_1_302' title='bbox 764 2919 808 2956; x_wconf 91' lang='lat' dir='ltr'><strong>me</strong></span> <span class='ocrx_word' id='word_1_303' title='bbox 826 2903 957 2972; x_wconf 87' lang='lat' dir='ltr'><strong>adjuvare</strong></span> 
     </span>
     <span class='ocr_line' id='line_1_37' title="bbox 110 2978 957 3049; baseline -0.004 -12"><span class='ocrx_word' id='word_1_304' title='bbox 110 2981 233 3049; x_wconf 83' lang='lat' dir='ltr'><strong>potueris</strong></span> <span class='ocrx_word' id='word_1_305' title='bbox 243 2985 273 3036; x_wconf 90' lang='lat' dir='ltr'><strong>et</strong></span> <span class='ocrx_word' id='word_1_306' title='bbox 283 2979 446 3035; x_wconf 88' lang='lat' dir='ltr'><strong>consolando</strong></span> <span class='ocrx_word' id='word_1_307' title='bbox 457 2981 486 3032; x_wconf 89' lang='lat' dir='ltr'><strong>ct</strong></span> <span class='ocrx_word' id='word_1_308' title='bbox 497 2994 583 3047; x_wconf 88' lang='lat' dir='ltr'><strong>prope</strong></span> <span class='ocrx_word' id='word_1_309' title='bbox 595 2994 683 3047; x_wconf 89' lang='lat' dir='ltr'><strong>aeque</strong></span> <span class='ocrx_word' id='word_1_310' title='bbox 694 2978 819 3046; x_wconf 87' lang='lat' dir='ltr'><strong>dolendo,</strong></span> <span class='ocrx_word' id='word_1_311' title='bbox 831 2980 910 3033; x_wconf 77' lang='lat' dir='ltr'><strong>facilc</strong></span> <span class='ocrx_word' id='word_1_312' title='bbox 922 2997 957 3034; x_wconf 86' lang='lat' dir='ltr'><strong>ex</strong></span> 
     </span>
     <span class='ocr_line' id='line_1_38' title="bbox 110 3054 957 3126; baseline -0.004 -14"><span class='ocrx_word' id='word_1_313' title='bbox 110 3058 272 3126; x_wconf 84' lang='lat' dir='ltr'><strong>cointelligo</strong></span> <span class='ocrx_word' id='word_1_314' title='bbox 281 3056 355 3126; x_wconf 90' lang='lat' dir='ltr'><strong>quod</strong></span> <span class='ocrx_word' id='word_1_315' title='bbox 366 3056 454 3110; x_wconf 82' lang='lat' dir='ltr'><strong>literis</strong></span> <span class='ocrx_word' id='word_1_316' title='bbox 465 3054 543 3108; x_wconf 88' lang='lat' dir='ltr'><strong>lectis</strong></span> <span class='ocrx_word' id='word_1_317' title='bbox 553 3054 721 3124; x_wconf 85' lang='lat' dir='ltr'><strong>aliquantum</strong></span> <span class='ocrx_word' id='word_1_318' title='bbox 731 3054 860 3125; x_wconf 88' lang='lat' dir='ltr'><strong>acquievi.</strong></span> <span class='ocrx_word' id='word_1_319' title='bbox 885 3056 911 3109; x_wconf 90' lang='lat' dir='ltr'>N</span> <span class='ocrx_word' id='word_1_320' title='bbox 913 3072 957 3109; x_wconf 86' lang='lat' dir='ltr'><strong>sm</strong></span> 
     </span>
     <span class='ocr_line' id='line_1_39' title="bbox 110 3131 958 3203; baseline -0.007 -12"><span class='ocrx_word' id='word_1_321' title='bbox 110 3139 140 3191; x_wconf 87' lang='lat' dir='ltr'><strong>et</strong></span> <span class='ocrx_word' id='word_1_322' title='bbox 147 3151 181 3190; x_wconf 86' lang='lat' dir='ltr'><strong>ea</strong></span> <span class='ocrx_word' id='word_1_323' title='bbox 189 3134 401 3203; x_wconf 76' lang='lat' dir='ltr'><strong>scripsistiquae</strong></span> <span class='ocrx_word' id='word_1_324' title='bbox 410 3133 500 3186; x_wconf 81' lang='lat' dir='ltr'><strong>levare</strong></span> <span class='ocrx_word' id='word_1_325' title='bbox 509 3131 613 3185; x_wconf 86' lang='lat' dir='ltr'><strong>luctum</strong></span> <span class='ocrx_word' id='word_1_326' title='bbox 625 3135 745 3201; x_wconf 86' lang='lat' dir='ltr'><strong>possent,</strong></span> <span class='ocrx_word' id='word_1_327' title='bbox 757 3134 788 3187; x_wconf 80' lang='lat' dir='ltr'><strong>et</strong></span> <span class='ocrx_word' id='word_1_328' title='bbox 799 3133 827 3185; x_wconf 91' lang='lat' dir='ltr'><strong>in</strong></span> <span class='ocrx_word' id='word_1_329' title='bbox 839 3150 884 3187; x_wconf 92' lang='lat' dir='ltr'><strong>mc</strong></span> <span class='ocrx_word' id='word_1_330' title='bbox 895 3149 958 3187; x_wconf 89' lang='lat' dir='ltr'><strong>con-</strong></span> 
     </span>
     <span class='ocr_line' id='line_1_40' title="bbox 111 3207 954 3276; baseline -0.004 -10"><span class='ocrx_word' id='word_1_331' title='bbox 111 3211 223 3266; x_wconf 88' lang='lat' dir='ltr'><strong>solando</strong></span> <span class='ocrx_word' id='word_1_332' title='bbox 237 3226 291 3265; x_wconf 93' lang='lat' dir='ltr'><strong>non</strong></span> <span class='ocrx_word' id='word_1_333' title='bbox 306 3209 471 3263; x_wconf 86' lang='lat' dir='ltr'><strong>mediocrem</strong></span> <span class='ocrx_word' id='word_1_334' title='bbox 486 3207 545 3276; x_wconf 85' lang='lat' dir='ltr'><strong>ipso</strong></span> <span class='ocrx_word' id='word_1_335' title='bbox 563 3209 643 3261; x_wconf 65' lang='lat' dir='ltr'><strong>:iacui</strong></span> <span class='ocrx_word' id='word_1_336' title='bbox 659 3209 782 3263; x_wconf 89' lang='lat' dir='ltr'><strong>dolorem</strong></span> <span class='ocrx_word' id='word_1_337' title='bbox 796 3208 954 3263; x_wconf 87' lang='lat' dir='ltr'><strong>adhibuisti.</strong></span> 
     </span>
    </p>
   </div>
   <div class='ocr_carea' id='block_1_8' title="bbox 0 0 1104 3450">
    <p class='ocr_par' dir='ltr' id='par_1_9' title="bbox 0 0 1104 3450">
     <span class='ocr_line' id='line_1_41' title="bbox 0 0 1104 3450; baseline 0 0"><span class='ocrx_word' id='word_1_338' title='bbox 0 0 1104 3450; x_wconf 95' lang='lat' dir='ltr'><strong> </strong></span> 
     </span>
    </p>
   </div>
  </div>
 </body>
</html>
