2200 3450
113 168 149 216 92
280 198 283 203 >
344 165 381 214 M.
400 166 528 216 TULLII
545 167 750 216 elcnnonls·

117 251 216 301 nautae
239 246 370 300 festinare
393 250 524 316 quaestus
547 247 590 302 sui
613 265 701 303 causa.
739 249 843 304 Cautus
864 251 909 320 sis,
929 251 965 306 mi

116 315 185 376 liro.
222 321 300 376 Mare
313 339 441 390 magnum
453 328 483 376 et
494 323 604 377 difficile
615 324 668 378 tibi
679 328 774 379 restat.
811 327 840 380 si
856 328 966 396 poteris,

115 414 177 451 cum
194 397 340 463 Mescinio;
358 403 438 453 caute
455 399 478 453 is
496 399 566 454 mlet
581 401 717 468 navigare.
754 402 783 456 Si
795 402 893 470 minus,
905 397 967 469 cuni

115 472 230 527 honesto
249 474 339 542 aliquo
363 475 473 529 homino
496 479 576 545 cujus
599 477 764 534 anctoritate
787 479 968 540 namcularius

114 553 263 605 moveatur.
300 551 335 603 Iu
358 551 409 604 hoc
429 568 538 606 omnem
563 554 736 622 diligentiam
760 555 784 608 si
808 555 967 639 adhibueris

115 629 199 693 teque
222 626 300 680 nobis
322 627 485 682 incolumem
509 630 622 698 stiteris‚
647 631 738 684 omnia
761 649 777 684 a
800 634 830 685 te
851 631 966 688 habebo.

115 701 207 755 Etiam
225 705 310 771 atque
328 704 419 770 ctiam,
436 708 530 759 noster
547 706 618 774 Tiro,
636 706 701 760 sale.
740 706 856 774 Modico,
876 709 967 772 Curio,

114 775 214 844 Lysoni
226 778 262 831 dc
274 783 304 832 to
316 780 412 848 scripsi
425 780 643 848 diligentissimo.
679 783 757 850 Vale,
770 783 850 837 salvo.
950 783 954 792 '

138 937 160 983 2.
189 935 347 984 TULLIUS
365 935 409 982 ET
426 935 563 995 CICERO,
582 936 773 998 TERENTIA,
792 939 939 999 TULLIA,

273 1016 275 1019 '
297 1014 328 1072 Q.
347 1015 377 1073 Q.
397 1015 522 1064 TIRONI
539 1017 565 1064 S.
585 1017 691 1066 PLUR.
710 1017 780 1067 DIC.

372 1128 438 1187 (xv1.
453 1129 491 1176 11.
526 1127 705 1189 anatot.)

113 1214 174 1269 lltsi
185 1214 419 1284 opportunitatem
431 1230 532 1282 operae
540 1219 604 1268 tuae
614 1215 739 1269 omnibus
750 1215 817 1270 locis
829 1217 964 1286 desidero,

114 1296 205 1346 lernen
218 1306 272 1354 non
283 1293 341 1344 tam
353 1307 415 1344 mea
424 1306 506 1359 quam
518 1294 569 1344 tua
580 1307 661 1345 causa
670 1291 749 1346 doleo
761 1295 791 1346 te
803 1309 856 1346 nou
865 1295 963 1348 valere.

21 1425 25 1433 ¹
112 1367 169 1420 Sed
186 1367 315 1435 quoniam
328 1367 356 1419 in
373 1369 537 1436 quartanam
554 1368 738 1421 conversaris
756 1371 799 1422 est
817 1369 913 1438 morbi,
925 1371 964 1441 sie,

111 1443 184 1496 enim
201 1442 298 1497 scribit
313 1443 420 1508 Curius,
434 1459 514 1510 spero
529 1446 560 1497 ta
577 1442 721 1510 diligentia
737 1444 862 1498 adbibita
880 1447 964 1500 etiam

111 1519 259 1574 firmiorem
268 1519 333 1573 iore.
362 1518 446 1572 Modo
459 1518 507 1586 fac,
520 1519 551 1572 id
562 1523 635 1588 quod
648 1524 691 1573 cst
702 1519 881 1574 humanitatis
893 1526 963 1589 tuae,

111 1612 145 1648 ne
155 1595 223 1663 quid
233 1594 309 1668 aliud
319 1612 398 1649 cures
410 1596 460 1649 hoc
473 1599 596 1664 tempore
607 1595 658 1649 nisi
671 1599 703 1649 ut
713 1613 795 1664 quam
804 1597 964 1652 commodis-

110 1671 179 1727 sime
197 1672 374 1727 convalescas.
411 1671 474 1725 Non
492 1672 587 1740 ignoro
599 1699 602 1706 ι
613 1675 747 1742 quantum
768 1689 803 1728 ex
825 1673 963 1729 desiderio

110 1747 225 1817 labores,
238 1748 288 1803 sed
300 1752 382 1803 amnt
394 1749 485 1803 ouinia
498 1748 588 1803 facilia
600 1750 623 1803 si
635 1749 744 1803 valebis.
776 1749 921 1804 Festinare
934 1756 963 1806 to

110 1824 179 1891 nolo,
188 1842 223 1878 ne
235 1841 353 1880 nauseae
364 1826 518 1880 molestiam
531 1824 670 1895 suscipias
678 1842 760 1894 aeger
772 1830 801 1880 et
812 1828 962 1895 periculose

110 1899 200 1953 hieme
223 1900 341 1969 naviges.
377 1902 436 1969 Ego
456 1902 492 1955 ad
512 1902 608 1955 urbem
625 1902 734 1956 *accessi
757 1903 846 1971 pridie
869 1904 962 1957 Nonas

109 1976 129 2028 J
131 1992 223 2030 anuar.
259 1976 376 2031 Obviam
390 1977 456 2030 milii
474 1977 513 2030 sic
529 1982 572 2031 cst
587 1977 728 2046 proditum
741 1984 774 2032 ut
790 1978 858 2031 nihil
875 1980 962 2048 possit

109 2052 169 2105 fieri
186 2053 315 2107 ornatius.
346 2053 401 2107 Sed
417 2053 501 2106 incidi
517 2054 546 2106 in
561 2054 648 2122 ipsam
660 2053 797 2107 flammam
810 2054 894 2108 civilis
907 2056 962 2109 dis-

108 2129 219 2183 cordiae
237 2130 279 2184 vel
295 2129 387 2199 potius
401 2129 475 2200 belli,
486 2131 531 2184 cui
550 2148 636 2200 quum
655 2146 782 2199 cuperem
801 2130 907 2185 mederi
924 2137 961 2199 ct,

109 2210 141 2260 ut
166 2206 291 2273 arbitror,
316 2222 432 2275 possem,
459 2208 626 2276 cupiditates
652 2210 790 2261 certorum
813 2206 959 2274 hominum,

109 2299 171 2335 nam
190 2299 225 2337 ex
243 2286 361 2351 utraque
376 2287 456 2352 parte
477 2288 541 2337 sunt
561 2284 608 2351 qui
630 2298 753 2352 pugnare
774 2284 892 2351 cupiant,
911 2284 960 2337 im-

108 2359 266 2426 pedimento
275 2360 342 2412 mihi
354 2359 472 2413 fuerunt.
498 2358 615 2411 Omnino
625 2359 723 2429 etipse
737 2358 845 2427 Caesar,
858 2360 960 2414 amicus

108 2439 208 2503 noster,
221 2437 339 2491 minaces
354 2436 390 2489 ad
405 2439 531 2489 senatum
546 2439 575 2490 et
590 2436 703 2490 acerbas
721 2435 816 2489 literas
831 2435 960 2497 miserat;

107 2515 137 2564 ct
156 2516 217 2566 erat
234 2512 323 2566 adhuc
342 2511 486 2581 impudens
507 2512 556 2581 qui
576 2512 727 2566 exereitum
746 2516 776 2565 et
794 2511 960 2581 provinciam

107 2587 194 2641 invito
212 2592 309 2642 senatu
326 2592 446 2643 teneret:
475 2592 504 2642 et
524 2590 607 2643 Curio
629 2604 707 2643 meus
724 2587 801 2641 illum
820 2587 959 2643 incitabat.

110 2664 246 2718 Antonius
262 2664 374 2732 quidem
388 2669 482 2719 noster
497 2668 527 2718 et
544 2664 575 2727 Q.
594 2664 704 2719 Cassius
722 2662 797 2716 nulla
811 2663 838 2716 vi
853 2664 960 2732 expulsi

106 2738 142 2791 ad
155 2740 301 2793 Gaesarem
313 2756 375 2794 cum
388 2740 506 2794 Curione
518 2740 634 2809 proiecti
651 2745 735 2794 eraut.
774 2738 959 2807 Posteaquam

106 2819 217 2869 senatus
234 2815 395 2883 consulibus,
408 2816 588 2885 praetoribus,
601 2816 720 2870 tribunis
732 2815 827 2885 plebis,
840 2819 870 2869 et
881 2814 960 2869 nobis

106 2891 154 2959 qui
165 2907 281 2960 procoss.
295 2908 395 2958 sumus,
409 2893 550 2961 negotium
567 2892 683 2947 dederat
699 2896 731 2946 ut
748 2906 914 2956 curaremus,
924 2908 959 2945 ne

106 2966 175 3034 quid
191 2966 358 3036 respublica
374 2967 535 3023 detrimenti
553 2976 671 3037 caperet,
686 2983 836 3037 numquam
854 2966 958 3034 majore

66 3037 73 3051 '
105 3044 133 3095 iu
156 3044 277 3113 periculo
301 3043 397 3098 civitas
421 3045 481 3113 fuit,
504 3060 653 3113 numquam
675 3044 794 3113 improbi
818 3044 893 3098 cives
912 3043 959 3097 ha

105 3117 225 3174 buerunt
247 3121 416 3189 paratiorem
436 3120 541 3175 ducem.
579 3119 695 3173 Omnino
716 3136 751 3173 ex
774 3119 826 3173 hac
848 3136 958 3189 quoque

105 3200 185 3262 parto
199 3196 407 3263 diligentissime
425 3200 606 3266 comparatur.
645 3195 681 3249 Id
695 3196 728 3249 fit
746 3196 911 3250 auctoritate
929 3200 957 3249 ct
