2200 3450
110 171 138 216 ie
321 167 359 215 M.
378 167 507 216 TULLII
523 167 716 216 CICERONIS
796 128 798 132 v

97 247 150 314 lgo
161 248 255 300 autem
267 261 352 315 quum
367 247 462 300 multIs
477 247 614 300 decausis
627 250 657 302 tc
673 251 774 316 exopto
790 261 872 317 quam
888 250 943 316 pri-
972 261 975 270 “

90 339 165 375 mum
176 321 279 388 videre,
292 327 352 376 tum
364 323 448 376 etiam
459 326 493 377 ut
505 326 570 378 ante
580 324 882 378 commentemurtinter
893 339 944 378 nos
1082 326 1086 336 ’

91 398 943 470 quarationenobistransducendumsithootempus,-quodest

90 477 180 528 totum
200 475 237 528 ad
255 474 336 528 unius
355 475 525 530 voluntatem
549 477 809 535 accommodandum
827 481 857 530 et
879 493 943 546 ruu-

90 550 180 604 dentis
196 555 226 605 et
241 551 368 619 liberalis,
386 557 422 619 et,
438 557 471 607 ut
487 554 660 624 perspexisse
676 553 846 620 videon'nec
865 570 881 606 a
898 570 943 606 me

89 627 170 680 alieni
190 631 220 680 et
239 626 291 680 tibi
308 628 471 682 amicissimi.
509 629 590 694 Quod
606 645 691 698 quum
709 629 749 684 ita
762 629 810 697 sit,
828 646 943 697 magriae
1008 649 1010 654 ·

89 706 241 756 esttamen
263 703 469 759 deliberationis
490 723 561 774 quae
579 706 650 760 ratio
668 706 710 760 sit
727 705 847 760 ineunda
864 705 943 762 nobis

89 795 141 854 non
165 779 265 847 agendi
288 779 400 848 aliquid,
426 782 475 834 scd
505 782 579 835 illius
602 798 732 836 concessu
756 785 785 837 et
811 783 943 837 beneficio

89 855 256 922 quiescendi.
648 893 650 896 -

319 950 358 997 14.
394 949 524 998 CICERO
541 949 664 998 CASSIO
681 951 706 998 S.

346 1033 419 1093 ‘(x11.
438 1034 461 1080 3.
487 1045 512 1080 a.
527 1042 587 1080 me.
607 1033 673 1092 710.)

90 1121 184 1186 Auget
199 1121 264 1173 tuus
278 1122 381 1175 amicus
395 1121 515 1174 furorem
529 1120 558 1172 in
574 1119 647 1174 dies:
671 1119 789 1186 primum
805 1120 834 1174 in
851 1125 943 1174 statua

88 1211 171 1262 quam
179 1196 307 1263 posuitin
316 1190 423 1250 Rostris
432 1195 570 1264 inscripsit
580 1210 704 1248 rausum
713 1211 941 1263 orriuuuumro,

88 1275 184 1324 utnon
196 1273 278 1326 modo
288 1274 377 1327 sicarii
387 1273 437 1326 sed
442 1272 502 1341 jam
511 1273 595 1325 etiam
607 1269 761 1341 parricidae
765 1272 942 1341 judicemini;

88 1347 156 1414 quid
173 1347 242 1416 dico,
257 1348 439 1416 judicemini?
460 1347 618 1417 judicemur
635 1346 743 1416 potius3
766 1349 850 1403 vestri
869 1350 941 1403 enim

87 1423 262 1489 pulcherrimi
278 1425 344 1478 iacti
358 1425 405 1479 ille
421 1425 538 1478 furiosus
550 1441 595 1478 me
607 1425 757 1494 principem
770 1424 838 1479 dicit
851 1426 939 1480 fuisse.

89 1498 202 1553 Utinam
210 1497 461 1569 quidem'iuissem!
481 1500 613 1555 molestus
626 1501 767 1554 nobisnon
780 1505 860 1556 esset.
886 1501 941 1556 Sed

88 1573 137 1628 hoe
149 1581 271 1629 vestrum
283 1582 334 1644 est,
347 1577 422 1646 quod
434 1577 563 1646 quoniam
575 1578 727 1646 praeteriit,
740 1578 844 1631 utinam
861 1577 942 1631 habe

87 1667 145 1704 rem
157 1652 225 1720 quid
237 1651 314 1706 vobis
326 1653 423 1707 darem
432 1651 544 1706 consilii.
572 1653 627 1708 Sed
639 1671 674 1708 ne
683 1653 751 1706 mim
764 1653 875 1722 quidem
888 1654 941 1723 ipsi

86 1729 194 1797 reperio
207 1729 275 1797 quid
284 1730 439 1783 faciendum
453 1730 504 1783 sit.
534 1729 607 1795 Quid
620 1730 690 1783 enim
704 1732 833 1799 estquod
846 1734 942 1785 contra

87 1804 140 1857 vim
153 1804 251 1859 sineri
264 1805 323 1859 fieri
335 1808 422 1874 possit
434 1808 441 1860 l
478 1806 627 1859 Consilium
639 1822 719 1859 omne
731 1810 824 1859 autem
835 1806 885 1859 hoc
898 1812 940 1860 est

86 1879 194 1934 illorum
205 1885 238 1934 ut
249 1887 367 1936 mortem
381 1882 506 1936 Caesaris
521 1885 728 1951 persequantur.
766 1882 865 1950 Itaque
876 1898 899 1935 a.
913 1882 939 1936 d.

86 1956 206 2011 v1.Non.
223 1951 318 2012 Octob.
336 1957 488 2027 productus
502 1958 531 2011 in
547 1958 702 2011 contionem
717 1974 734 2011 a
748 1957 865 2011 Canutio
882 1961 940 2011 tur-

86 2033 197 2100 pissime
209 2033 256 2087 ille
268 2034 380 2103 quidem
393 2034 526 2102 discessit,
539 2032 694 2087 sedamen
706 2050 739 2087 ea
748 2033 820 2088 dixit
832 2033 868 2087 de
879 2050 941 2087 con-

15 2152 21 2161 .
87 2110 271 2163 servatoribus
282 2109 390 2178 patriae
399 2126 471 2179 quae
483 2110 537 2163 dici
552 2108 687 2164 deberent
696 2110 732 2163 de
743 2108 938 2179 proditoribus.

88 2186 130 2239 De
153 2203 198 2241 me
222 2185 336 2255 quidem
360 2202 415 2240 uon
439 2186 599 2240 dubitanter
621 2186 687 2255 quin
708 2186 798 2240 omnia
818 2184 854 2239 de
877 2202 940 2239 meo

85 2262 196 2316 consilio
217 2266 246 2317 et
266 2279 314 2316 vos
336 2262 472 2316 fecissetis
492 2264 521 2316 et
540 2262 673 2316 Canutius
693 2262 804 2317 iaceret.
839 2262 940 2316 Cetera

86 2338 239 2405 cujusmodi
254 2340 309 2392 sint
325 2356 359 2393 ex
373 2338 425 2392 hoc
436 2338 539 2408 judica,
553 2338 628 2409 quod
644 2339 735 2407 legato
750 2340 799 2392 tuo
811 2338 938 2393 viaticum

86 2414 253 2482 eripuerunt.
291 2415 364 2480 Quid
378 2432 425 2469 eos
440 2416 618 2485 interpretari
635 2419 715 2485 putas
732 2432 815 2484 quum
833 2414 884 2469 hoc
900 2414 913 2467 i
927 2447 939 2455 -

86 2490 176 2545 eluntl
212 2492 260 2545 Ad
283 2491 391 2546 hostem
408 2492 512 2546 scilicet
529 2492 642 2561 portari.
680 2490 703 2544 O
721 2508 780 2546 rem
796 2492 938 2545 miseram!

86 2565 225 2621 dominum
240 2568 314 2623 ferre
330 2585 384 2621 non
402 2569 555 2637 potuimus:
579 2584 708 2622 conservo
726 2568 864 2621 servimus.
902 2567 938 2620 Et

86 2647 178 2696 tamen
194 2660 238 2698 me
256 2644 367 2712 quidem
384 2646 493 2699 favente
510 2644 598 2711 magis
614 2660 697 2712 quam
714 2647 842 2713 sperante
854 2643 937 2698 etiam

86 2736 156 2771 nunc
172 2718 277 2773 residet
289 2736 351 2787 spes
363 2721 391 2773 in
403 2721 507 2774 virtute
518 2724 574 2773 tua.
610 2720 666 2773 Sed
682 2720 730 2773 ubi
747 2722 811 2773 sunt
827 2719 938 2787 copiaei

86 2794 128 2847 De
140 2794 245 2862 reliquo
256 2796 328 2849 malo
339 2799 369 2849 te
381 2797 470 2865 ipsum
481 2799 573 2851 tecum
585 2796 661 2864 loqui
670 2812 753 2865 quam
761 2798 855 2849 nostra
864 2794 940 2850 dicta

85 2879 253 2931 cognoscere.
290 2863 368 2919 Vale.

137 2977 175 3025 15.
193 2976 322 3025 CICERO
338 2974 581 3023 DOLABELLAE
599 2972 755 3024 CONSULI
772 2974 840 3024 SUO
857 2974 882 3023 S.

352 3059 399 3120 (ix.
414 3059 453 3105 14.
487 3071 513 3105 s.
526 3068 552 3105 o.
567 3069 588 3105 e.
603 3055 670 3117 710.)

95 3139 146 3193 ‘si
164 3142 308 3194 contentus
323 3155 406 3205 eram,
419 3139 457 3191 mi
474 3138 623 3206 Dolabella,
640 3141 690 3192 tua
704 3138 797 3205 gloria
815 3137 938 3205 satisque

139 3233 164 3269 »a
176 3232 301 3285 magnam
313 3214 445 3271 laetitiam
455 3215 680 3284 voluptatemque
688 3213 836 3285 capiebam,
844 3215 937 3267 tamen
