<?xml version="1.0" encoding="UTF-8"?>
<!DOCTYPE html PUBLIC "-//W3C//DTD XHTML 1.0 Transitional//EN"
    "http://www.w3.org/TR/xhtml1/DTD/xhtml1-transitional.dtd">
<html xmlns="http://www.w3.org/1999/xhtml" xml:lang="en" lang="en">
 <head>
  <title>
</title>
<meta http-equiv="Content-Type" content="text/html;charset=utf-8" />
  <meta name='ocr-system' content='tesseract 3.04.00' />
  <meta name='ocr-capabilities' content='ocr_page ocr_carea ocr_par ocr_line ocrx_word'/>
</head>
<body>
  <div class='ocr_page' id='page_1' title='image "./catomajorsivede00longgoog_0034.png"; bbox 0 0 2200 3450; ppageno 0'>
   <div class='ocr_carea' id='block_1_1' title="bbox 104 173 728 222">
    <p class='ocr_par' dir='ltr' id='par_1_1' title="bbox 104 173 728 222">
     <span class='ocr_line' id='line_1_1' title="bbox 104 173 728 222; baseline 0 0"><span class='ocrx_word' id='word_1_1' title='bbox 104 178 133 222; x_wconf 78' lang='lat'><strong>&#39;26</strong></span> <span class='ocrx_word' id='word_1_2' title='bbox 333 173 371 222; x_wconf 87' lang='lat' dir='ltr'><strong>M.</strong></span> <span class='ocrx_word' id='word_1_3' title='bbox 389 173 517 221; x_wconf 84' lang='lat' dir='ltr'>TULLII</span> <span class='ocrx_word' id='word_1_4' title='bbox 535 173 728 222; x_wconf 79' lang='lat' dir='ltr'>CICERONIS</span> 
     </span>
    </p>
   </div>
   <div class='ocr_carea' id='block_1_2' title="bbox 102 242 965 475">
    <p class='ocr_par' dir='ltr' id='par_1_2' title="bbox 102 242 965 475">
     <span class='ocr_line' id='line_1_2' title="bbox 102 242 965 326; baseline 0.002 -18"><span class='ocrx_word' id='word_1_5' title='bbox 102 255 254 308; x_wconf 84' lang='lat' dir='ltr'><strong>animorum</strong></span> <span class='ocrx_word' id='word_1_6' title='bbox 266 253 484 321; x_wconf 75' lang='lat' dir='ltr'><strong>disseruisset-is</strong></span> <span class='ocrx_word' id='word_1_7' title='bbox 496 254 543 322; x_wconf 93' lang='lat' dir='ltr'><strong>qui</strong></span> <span class='ocrx_word' id='word_1_8' title='bbox 560 259 634 308; x_wconf 87' lang='lat' dir='ltr'><strong>esset</strong></span> <span class='ocrx_word' id='word_1_9' title='bbox 652 255 774 309; x_wconf 90' lang='lat' dir='ltr'><strong>omnium</strong></span> <span class='ocrx_word' id='word_1_10' title='bbox 789 242 965 326; x_wconf 50' lang='lat' dir='ltr'><strong>sapientissi}</strong></span> 
     </span>
     <span class='ocr_line' id='line_1_3' title="bbox 103 329 957 397; baseline 0.002 -13"><span class='ocrx_word' id='word_1_11' title='bbox 103 348 164 384; x_wconf 89' lang='lat' dir='ltr'><strong>mus</strong></span> <span class='ocrx_word' id='word_1_12' title='bbox 188 329 297 383; x_wconf 87' lang='lat' dir='ltr'><strong>oraculo</strong></span> <span class='ocrx_word' id='word_1_13' title='bbox 322 329 457 397; x_wconf 85' lang='lat' dir='ltr'><strong>Apollinis</strong></span> <span class='ocrx_word' id='word_1_14' title='bbox 472 329 623 397; x_wconf 88' lang='lat' dir='ltr'><strong>judicatus.</strong></span> <span class='ocrx_word' id='word_1_15' title='bbox 647 331 740 395; x_wconf 62' lang='lat' dir='ltr'><strong>Quid</strong></span> <span class='ocrx_word' id='word_1_16' title='bbox 763 332 869 387; x_wconf 76' lang='lat' dir='ltr'><strong>multat</strong></span> <span class='ocrx_word' id='word_1_17' title='bbox 912 335 957 397; x_wconf 77' lang='lat' dir='ltr'><strong>Si&lt;</strong></span> 
     </span>
     <span class='ocr_line' id='line_1_4' title="bbox 103 399 956 475; baseline 0.008 -16"><span class='ocrx_word' id='word_1_18' title='bbox 103 407 169 459; x_wconf 92' lang='lat' dir='ltr'><strong>mihi</strong></span> <span class='ocrx_word' id='word_1_19' title='bbox 189 405 320 475; x_wconf 83' lang='lat' dir='ltr'>persuasi,</span> <span class='ocrx_word' id='word_1_20' title='bbox 339 406 378 459; x_wconf 91' lang='lat' dir='ltr'><strong>sic</strong></span> <span class='ocrx_word' id='word_1_21' title='bbox 396 406 492 473; x_wconf 88' lang='lat' dir='ltr'><strong>sentio,</strong></span> <span class='ocrx_word' id='word_1_22' title='bbox 511 422 596 474; x_wconf 89' lang='lat' dir='ltr'><strong>quum</strong></span> <span class='ocrx_word' id='word_1_23' title='bbox 614 409 692 460; x_wconf 85' lang='lat' dir='ltr'><strong>tanta</strong></span> <span class='ocrx_word' id='word_1_24' title='bbox 709 399 838 462; x_wconf 77' lang='lat' dir='ltr'><strong>celeritas</strong></span> <span class='ocrx_word' id='word_1_25' title='bbox 855 410 956 467; x_wconf 76' lang='lat' dir='ltr'><strong>animo.</strong></span> 
     </span>
    </p>
   </div>
   <div class='ocr_carea' id='block_1_3' title="bbox 45 483 959 3285">
    <p class='ocr_par' dir='ltr' id='par_1_3' title="bbox 45 483 959 1524">
     <span class='ocr_line' id='line_1_5' title="bbox 103 483 959 556; baseline 0.002 -20"><span class='ocrx_word' id='word_1_26' title='bbox 103 483 173 536; x_wconf 84' lang='lat' dir='ltr'><strong>rum&#39;</strong></span> <span class='ocrx_word' id='word_1_27' title='bbox 188 483 231 549; x_wconf 90' lang='lat' dir='ltr'><strong>sit,</strong></span> <span class='ocrx_word' id='word_1_28' title='bbox 251 485 329 536; x_wconf 91' lang='lat' dir='ltr'><strong>tanta</strong></span> <span class='ocrx_word' id='word_1_29' title='bbox 352 483 484 535; x_wconf 87' lang='lat' dir='ltr'><strong>memoria</strong></span> <span class='ocrx_word' id='word_1_30' title='bbox 507 483 723 550; x_wconf 87' lang='lat' dir='ltr'><strong>praeteritorum</strong></span> <span class='ocrx_word' id='word_1_31' title='bbox 745 483 959 556; x_wconf 60' lang='lat' dir='ltr'><strong>futurorumque</strong></span> 
     </span>
     <span class='ocr_line' id='line_1_6' title="bbox 45 558 957 627; baseline 0.002 -16"><span class='ocrx_word' id='word_1_32' title='bbox 45 562 47 570; x_wconf 90' lang='grc'><strong>’</strong></span> <span class='ocrx_word' id='word_1_33' title='bbox 102 558 256 627; x_wconf 88' lang='lat' dir='ltr'><strong>prudentia,</strong></span> <span class='ocrx_word' id='word_1_34' title='bbox 275 562 318 612; x_wconf 88' lang='lat' dir='ltr'><strong>tot</strong></span> <span class='ocrx_word' id='word_1_35' title='bbox 335 562 417 625; x_wconf 88' lang='lat' dir='ltr'><strong>artes,</strong></span> <span class='ocrx_word' id='word_1_36' title='bbox 436 562 531 612; x_wconf 88' lang='lat' dir='ltr'><strong>tantae</strong></span> <span class='ocrx_word' id='word_1_37' title='bbox 550 559 688 626; x_wconf 77' lang='lat' dir='ltr'><strong>scientiae,</strong></span> <span class='ocrx_word' id='word_1_38' title='bbox 704 563 748 612; x_wconf 86' lang='lat' dir='ltr'><strong>tot</strong></span> <span class='ocrx_word' id='word_1_39' title='bbox 766 560 883 622; x_wconf 78' lang='lat' dir='ltr'><strong>inventa,</strong></span> <span class='ocrx_word' id='word_1_40' title='bbox 902 578 957 618; x_wconf 90' lang='lat' dir='ltr'><strong>non</strong></span> 
     </span>
     <span class='ocr_line' id='line_1_7' title="bbox 102 635 954 708; baseline 0.002 -20"><span class='ocrx_word' id='word_1_41' title='bbox 102 651 182 704; x_wconf 88' lang='lat' dir='ltr'><strong>posse</strong></span> <span class='ocrx_word' id='word_1_42' title='bbox 194 652 255 688; x_wconf 87' lang='lat' dir='ltr'><strong>eam</strong></span> <span class='ocrx_word' id='word_1_43' title='bbox 271 637 398 708; x_wconf 81' lang='lat' dir='ltr'><strong>naturam</strong></span> <span class='ocrx_word' id='word_1_44' title='bbox 414 651 484 702; x_wconf 89' lang='lat' dir='ltr'><strong>quae</strong></span> <span class='ocrx_word' id='word_1_45' title='bbox 501 651 546 688; x_wconf 87' lang='lat' dir='ltr'><strong>res</strong></span> <span class='ocrx_word' id='word_1_46' title='bbox 565 651 612 688; x_wconf 89' lang='lat' dir='ltr'><strong>eas</strong></span> <span class='ocrx_word' id='word_1_47' title='bbox 629 635 768 695; x_wconf 85' lang='lat' dir='ltr'><strong>contineat</strong></span> <span class='ocrx_word' id='word_1_48' title='bbox 784 653 844 690; x_wconf 89' lang='lat' dir='ltr'><strong>esse</strong></span> <span class='ocrx_word' id='word_1_49' title='bbox 856 641 954 697; x_wconf 62' lang='lat' dir='ltr'><strong>morta,</strong></span> 
     </span>
     <span class='ocr_line' id='line_1_8' title="bbox 103 710 958 780; baseline 0 -15"><span class='ocrx_word' id='word_1_50' title='bbox 103 712 169 766; x_wconf 90' lang='lat' dir='ltr'><strong>lem:</strong></span> <span class='ocrx_word' id='word_1_51' title='bbox 188 727 327 780; x_wconf 90' lang='lat' dir='ltr'><strong>quumque</strong></span> <span class='ocrx_word' id='word_1_52' title='bbox 336 718 453 779; x_wconf 82' lang='lat' dir='ltr'><strong>&#39;semper</strong></span> <span class='ocrx_word' id='word_1_53' title='bbox 471 710 594 778; x_wconf 76' lang='lat' dir='ltr'><strong>agitetur</strong></span> <span class='ocrx_word' id='word_1_54' title='bbox 608 711 716 763; x_wconf 88' lang='lat' dir='ltr'><strong>animus</strong></span> <span class='ocrx_word' id='word_1_55' title='bbox 729 728 778 765; x_wconf 88' lang='lat' dir='ltr'><strong>nec</strong></span> <span class='ocrx_word' id='word_1_56' title='bbox 790 711 958 780; x_wconf 82' lang='lat' dir='ltr'><strong>principium</strong></span> 
     </span>
     <span class='ocr_line' id='line_1_9' title="bbox 103 786 958 856; baseline 0.002 -17"><span class='ocrx_word' id='word_1_57' title='bbox 103 792 194 840; x_wconf 87' lang='lat' dir='ltr'><strong>motus</strong></span> <span class='ocrx_word' id='word_1_58' title='bbox 217 787 323 850; x_wconf 78' lang='lat' dir='ltr'><strong>habeat</strong></span> <span class='ocrx_word' id='word_1_59' title='bbox 342 786 407 855; x_wconf 86' lang='lat' dir='ltr'><strong>quia</strong></span> <span class='ocrx_word' id='word_1_60' title='bbox 426 803 456 840; x_wconf 91' lang='lat' dir='ltr'><strong>se</strong></span> <span class='ocrx_word' id='word_1_61' title='bbox 470 787 529 854; x_wconf 91' lang='lat' dir='ltr'><strong>ipse</strong></span> <span class='ocrx_word' id='word_1_62' title='bbox 548 789 664 854; x_wconf 81' lang='lat' dir='ltr'><strong>moveat,</strong></span> <span class='ocrx_word' id='word_1_63' title='bbox 685 805 720 840; x_wconf 94' lang='lat' dir='ltr'><strong>ne</strong></span> <span class='ocrx_word' id='word_1_64' title='bbox 741 788 823 841; x_wconf 89' lang='lat' dir='ltr'><strong>finem</strong></span> <span class='ocrx_word' id='word_1_65' title='bbox 843 788 958 856; x_wconf 86' lang='lat' dir='ltr'><strong>quidem</strong></span> 
     </span>
     <span class='ocr_line' id='line_1_10' title="bbox 103 863 955 930; baseline 0.005 -16"><span class='ocrx_word' id='word_1_66' title='bbox 103 863 260 916; x_wconf 83' lang='lat' dir='ltr'><strong>habitururn</strong></span> <span class='ocrx_word' id='word_1_67' title='bbox 273 879 333 916; x_wconf 91' lang='lat' dir='ltr'><strong>esse</strong></span> <span class='ocrx_word' id='word_1_68' title='bbox 345 866 442 930; x_wconf 91' lang='lat' dir='ltr'><strong>motus,</strong></span> <span class='ocrx_word' id='word_1_69' title='bbox 456 863 519 929; x_wconf 86' lang='lat' dir='ltr'><strong>quia</strong></span> <span class='ocrx_word' id='word_1_70' title='bbox 531 879 671 930; x_wconf 89' lang='lat' dir='ltr'><strong>nunquam</strong></span> <span class='ocrx_word' id='word_1_71' title='bbox 682 880 713 916; x_wconf 91' lang='lat' dir='ltr'><strong>se</strong></span> <span class='ocrx_word' id='word_1_72' title='bbox 725 863 834 930; x_wconf 84' lang='lat' dir='ltr'><strong>ipsesit</strong></span> <span class='ocrx_word' id='word_1_73' title='bbox 846 864 955 923; x_wconf 86' lang='lat' dir='ltr'><strong>relictu.</strong></span> 
     </span>
     <span class='ocr_line' id='line_1_11' title="bbox 103 937 957 1008; baseline 0.002 -17"><span class='ocrx_word' id='word_1_74' title='bbox 103 957 163 1004; x_wconf 88' lang='lat' dir='ltr'><strong>rus;</strong></span> <span class='ocrx_word' id='word_1_75' title='bbox 176 942 205 993; x_wconf 84' lang='lat' dir='ltr'><strong>et</strong></span> <span class='ocrx_word' id='word_1_76' title='bbox 217 943 301 1008; x_wconf 86' lang='lat' dir='ltr'><strong>quum</strong></span> <span class='ocrx_word' id='word_1_77' title='bbox 315 938 430 1007; x_wconf 84' lang='lat' dir='ltr'><strong>simplex</strong></span> <span class='ocrx_word' id='word_1_78' title='bbox 439 938 522 991; x_wconf 84' lang='lat' dir='ltr'><strong>animi</strong></span> <span class='ocrx_word' id='word_1_79' title='bbox 533 937 636 992; x_wconf 83' lang='lat' dir='ltr'><strong>natura¹</strong></span> <span class='ocrx_word' id='word_1_80' title='bbox 645 943 726 1007; x_wconf 86' lang='lat' dir='ltr'><strong>esset,</strong></span> <span class='ocrx_word' id='word_1_81' title='bbox 738 956 828 1007; x_wconf 88' lang='lat' dir='ltr'><strong>neque</strong></span> <span class='ocrx_word' id='word_1_82' title='bbox 839 939 957 1008; x_wconf 78' lang='lat' dir='ltr'><strong>haberet</strong></span> 
     </span>
     <span class='ocr_line' id='line_1_12' title="bbox 103 1014 957 1082; baseline 0.001 -14"><span class='ocrx_word' id='word_1_83' title='bbox 103 1015 130 1068; x_wconf 92' lang='lat' dir='ltr'><strong>in</strong></span> <span class='ocrx_word' id='word_1_84' title='bbox 152 1032 181 1068; x_wconf 85' lang='lat' dir='ltr'><strong>se</strong></span> <span class='ocrx_word' id='word_1_85' title='bbox 200 1015 349 1082; x_wconf 86' lang='lat' dir='ltr'><strong>quidquam</strong></span> <span class='ocrx_word' id='word_1_86' title='bbox 370 1014 524 1067; x_wconf 86' lang='lat' dir='ltr'><strong>admixtum</strong></span> <span class='ocrx_word' id='word_1_87' title='bbox 540 1014 634 1082; x_wconf 88' lang='lat' dir='ltr'><strong>dispar</strong></span> <span class='ocrx_word' id='word_1_88' title='bbox 652 1015 694 1066; x_wconf 88' lang='lat' dir='ltr'><strong>sui</strong></span> <span class='ocrx_word' id='word_1_89' title='bbox 710 1018 795 1082; x_wconf 88' lang='lat' dir='ltr'><strong>atque</strong></span> <span class='ocrx_word' id='word_1_90' title='bbox 814 1015 957 1072; x_wconf 85' lang='lat' dir='ltr'><strong>dissimile.</strong></span> 
     </span>
     <span class='ocr_line' id='line_1_13' title="bbox 103 1087 957 1160; baseline 0.002 -17"><span class='ocrx_word' id='word_1_91' title='bbox 103 1108 155 1144; x_wconf 88' lang='lat' dir='ltr'><strong>non</strong></span> <span class='ocrx_word' id='word_1_92' title='bbox 175 1107 255 1160; x_wconf 87' lang='lat' dir='ltr'><strong>posse</strong></span> <span class='ocrx_word' id='word_1_93' title='bbox 274 1108 337 1144; x_wconf 90' lang='lat' dir='ltr'><strong>eum</strong></span> <span class='ocrx_word' id='word_1_94' title='bbox 356 1090 456 1155; x_wconf 87' lang='lat' dir='ltr'><strong>dividi;</strong></span> <span class='ocrx_word' id='word_1_95' title='bbox 481 1090 600 1158; x_wconf 86' lang='lat' dir='ltr'><strong>quodsi</strong></span> <span class='ocrx_word' id='word_1_96' title='bbox 618 1107 672 1143; x_wconf 91' lang='lat' dir='ltr'><strong>non</strong></span> <span class='ocrx_word' id='word_1_97' title='bbox 689 1092 784 1158; x_wconf 87' lang='lat' dir='ltr'><strong>possit,</strong></span> <span class='ocrx_word' id='word_1_98' title='bbox 802 1108 856 1144; x_wconf 91' lang='lat' dir='ltr'><strong>non</strong></span> <span class='ocrx_word' id='word_1_99' title='bbox 874 1087 957 1160; x_wconf 84' lang='lat' dir='ltr'><strong>posse</strong></span> 
     </span>
     <span class='ocr_line' id='line_1_14' title="bbox 103 1166 956 1235; baseline 0.002 -17"><span class='ocrx_word' id='word_1_100' title='bbox 103 1167 228 1220; x_wconf 86' lang='lat' dir='ltr'><strong>interire:</strong></span> <span class='ocrx_word' id='word_1_101' title='bbox 247 1183 400 1233; x_wconf 84' lang='lat' dir='ltr'><strong>magnoque</strong></span> <span class='ocrx_word' id='word_1_102' title='bbox 420 1182 481 1219; x_wconf 89' lang='lat' dir='ltr'><strong>esse</strong></span> <span class='ocrx_word' id='word_1_103' title='bbox 495 1169 658 1233; x_wconf 68' lang='lat' dir='ltr'><strong>argumento</strong></span> <span class='ocrx_word' id='word_1_104' title='bbox 675 1166 799 1220; x_wconf 88' lang='lat' dir='ltr'><strong>homines</strong></span> <span class='ocrx_word' id='word_1_105' title='bbox 816 1168 887 1222; x_wconf 89' lang='lat' dir='ltr'><strong>seire</strong></span> <span class='ocrx_word' id='word_1_106' title='bbox 898 1169 956 1235; x_wconf 87' lang='lat' dir='ltr'><strong>ple-</strong></span> 
     </span>
     <span class='ocr_line' id='line_1_15' title="bbox 103 1241 955 1312; baseline 0 -16"><span class='ocrx_word' id='word_1_107' title='bbox 103 1259 187 1312; x_wconf 85' lang='lat' dir='ltr'><strong>raque</strong></span> <span class='ocrx_word' id='word_1_108' title='bbox 199 1245 264 1295; x_wconf 89' lang='lat' dir='ltr'><strong>ante</strong></span> <span class='ocrx_word' id='word_1_109' title='bbox 275 1259 357 1310; x_wconf 90' lang='lat' dir='ltr'><strong>quam</strong></span> <span class='ocrx_word' id='word_1_110' title='bbox 370 1242 427 1294; x_wconf 87' lang='lat' dir='ltr'><strong>nati</strong></span> <span class='ocrx_word' id='word_1_111' title='bbox 440 1242 502 1308; x_wconf 91' lang='lat' dir='ltr'><strong>sint,</strong></span> <span class='ocrx_word' id='word_1_112' title='bbox 519 1242 594 1310; x_wconf 90' lang='lat' dir='ltr'><strong>quod</strong></span> <span class='ocrx_word' id='word_1_113' title='bbox 607 1241 667 1310; x_wconf 89' lang='lat' dir='ltr'><strong>jam</strong></span> <span class='ocrx_word' id='word_1_114' title='bbox 679 1243 767 1310; x_wconf 88' lang='lat' dir='ltr'><strong>pueri,</strong></span> <span class='ocrx_word' id='word_1_115' title='bbox 780 1260 865 1312; x_wconf 90' lang='lat' dir='ltr'><strong>quum</strong></span> <span class='ocrx_word' id='word_1_116' title='bbox 877 1248 955 1296; x_wconf 87' lang='lat' dir='ltr'><strong>artes</strong></span> 
     </span>
     <span class='ocr_line' id='line_1_16' title="bbox 104 1316 955 1385; baseline 0.002 -14"><span class='ocrx_word' id='word_1_117' title='bbox 104 1319 225 1371; x_wconf 87' lang='lat' dir='ltr'><strong>difficiles</strong></span> <span class='ocrx_word' id='word_1_118' title='bbox 245 1319 363 1384; x_wconf 66' lang='lat' dir='ltr'><strong>discant,</strong></span> <span class='ocrx_word' id='word_1_119' title='bbox 378 1317 417 1370; x_wconf 80' lang='lat' dir='ltr'><strong>ite</strong></span> <span class='ocrx_word' id='word_1_120' title='bbox 438 1316 565 1370; x_wconf 82' lang='lat' dir='ltr'><strong>celeriter</strong></span> <span class='ocrx_word' id='word_1_121' title='bbox 586 1318 864 1385; x_wconf 78' lang='lat' dir='ltr'><strong>resinnumerabiles</strong></span> <span class='ocrx_word' id='word_1_122' title='bbox 887 1320 955 1373; x_wconf 87' lang='lat' dir='ltr'><strong>arri-</strong></span> 
     </span>
     <span class='ocr_line' id='line_1_17' title="bbox 103 1393 955 1463; baseline 0.004 -16"><span class='ocrx_word' id='word_1_123' title='bbox 103 1395 179 1463; x_wconf 86' lang='lat' dir='ltr'><strong>piant</strong></span> <span class='ocrx_word' id='word_1_124' title='bbox 197 1397 228 1448; x_wconf 86' lang='lat' dir='ltr'><strong>ut</strong></span> <span class='ocrx_word' id='word_1_125' title='bbox 245 1411 291 1447; x_wconf 91' lang='lat' dir='ltr'><strong>eas</strong></span> <span class='ocrx_word' id='word_1_126' title='bbox 309 1409 362 1446; x_wconf 89' lang='lat' dir='ltr'><strong>non</strong></span> <span class='ocrx_word' id='word_1_127' title='bbox 380 1397 441 1447; x_wconf 87' lang='lat' dir='ltr'><strong>tum</strong></span> <span class='ocrx_word' id='word_1_128' title='bbox 457 1393 576 1461; x_wconf 73' lang='lat' dir='ltr'><strong>priunum</strong></span> <span class='ocrx_word' id='word_1_129' title='bbox 594 1395 717 1463; x_wconf 83' lang='lat' dir='ltr'><strong>accipere</strong></span> <span class='ocrx_word' id='word_1_130' title='bbox 729 1395 884 1463; x_wconf 85' lang='lat' dir='ltr'><strong>videantur,</strong></span> <span class='ocrx_word' id='word_1_131' title='bbox 903 1396 955 1450; x_wconf 87' lang='lat' dir='ltr'><strong>sed</strong></span> 
     </span>
     <span class='ocr_line' id='line_1_18' title="bbox 103 1469 764 1524; baseline 0.002 -1"><span class='ocrx_word' id='word_1_132' title='bbox 103 1470 238 1524; x_wconf 89' lang='lat' dir='ltr'><strong>reminisci</strong></span> <span class='ocrx_word' id='word_1_133' title='bbox 250 1473 278 1524; x_wconf 92' lang='lat' dir='ltr'><strong>et</strong></span> <span class='ocrx_word' id='word_1_134' title='bbox 290 1469 436 1523; x_wconf 86' lang='lat' dir='ltr'><strong>recordari.</strong></span> <span class='ocrx_word' id='word_1_135' title='bbox 473 1469 550 1523; x_wconf 84' lang='lat' dir='ltr'><strong>Haec</strong></span> <span class='ocrx_word' id='word_1_136' title='bbox 564 1470 687 1523; x_wconf 81' lang='lat' dir='ltr'><strong>Platonis</strong></span> <span class='ocrx_word' id='word_1_137' title='bbox 697 1470 764 1524; x_wconf 87' lang='lat' dir='ltr'><strong>fere.</strong></span> 
     </span>
    </p>

    <p class='ocr_par' dir='ltr' id='par_1_4' title="bbox 102 1545 955 3285">
     <span class='ocr_line' id='line_1_19' title="bbox 155 1545 954 1614; baseline 0.001 -15"><span class='ocrx_word' id='word_1_138' title='bbox 155 1547 250 1600; x_wconf 87' lang='lat' dir='ltr'>XXII.</span> <span class='ocrx_word' id='word_1_139' title='bbox 298 1550 336 1603; x_wconf 85' lang='lat'><strong>79.</strong></span> <span class='ocrx_word' id='word_1_140' title='bbox 369 1545 453 1614; x_wconf 84' lang='lat' dir='ltr'><strong>Apud</strong></span> <span class='ocrx_word' id='word_1_141' title='bbox 477 1545 688 1614; x_wconf 86' lang='lat' dir='ltr'><strong>Xenophontem</strong></span> <span class='ocrx_word' id='word_1_142' title='bbox 717 1550 810 1600; x_wconf 88' lang='lat' dir='ltr'><strong>autem</strong></span> <span class='ocrx_word' id='word_1_143' title='bbox 833 1547 954 1600; x_wconf 87' lang='lat' dir='ltr'><strong>moriens</strong></span> 
     </span>
     <span class='ocr_line' id='line_1_20' title="bbox 104 1621 954 1692; baseline -0.001 -16"><span class='ocrx_word' id='word_1_144' title='bbox 104 1623 190 1692; x_wconf 78' lang='lat' dir='ltr'><strong>Cyrus</strong></span> <span class='ocrx_word' id='word_1_145' title='bbox 203 1621 290 1691; x_wconf 87' lang='lat' dir='ltr'><strong>major</strong></span> <span class='ocrx_word' id='word_1_146' title='bbox 301 1622 368 1674; x_wconf 90' lang='lat' dir='ltr'><strong>haec</strong></span> <span class='ocrx_word' id='word_1_147' title='bbox 381 1621 461 1675; x_wconf 83' lang='lat' dir='ltr'><strong>dicit:</strong></span> <span class='ocrx_word' id='word_1_148' title='bbox 481 1622 598 1675; x_wconf 86' lang='lat' dir='ltr'><strong>“Nolite</strong></span> <span class='ocrx_word' id='word_1_149' title='bbox 616 1621 752 1690; x_wconf 85' lang='lat' dir='ltr'><strong>arbitrari,</strong></span> <span class='ocrx_word' id='word_1_150' title='bbox 764 1639 781 1675; x_wconf 94' lang='lat' dir='ltr'><strong>o</strong></span> <span class='ocrx_word' id='word_1_151' title='bbox 793 1622 859 1674; x_wconf 91' lang='lat' dir='ltr'><strong>mihi</strong></span> <span class='ocrx_word' id='word_1_152' title='bbox 872 1623 954 1675; x_wconf 85' lang='lat' dir='ltr'><strong>caris-</strong></span> 
     </span>
     <span class='ocr_line' id='line_1_21' title="bbox 103 1695 954 1767; baseline 0 -16"><span class='ocrx_word' id='word_1_153' title='bbox 103 1699 163 1752; x_wconf 86' lang='lat' dir='ltr'><strong>simi</strong></span> <span class='ocrx_word' id='word_1_154' title='bbox 175 1699 231 1765; x_wconf 90' lang='lat' dir='ltr'><strong>filii,</strong></span> <span class='ocrx_word' id='word_1_155' title='bbox 244 1715 288 1751; x_wconf 84' lang='lat' dir='ltr'><strong>ine</strong></span> <span class='ocrx_word' id='word_1_156' title='bbox 301 1714 384 1767; x_wconf 90' lang='lat' dir='ltr'><strong>quum</strong></span> <span class='ocrx_word' id='word_1_157' title='bbox 397 1714 413 1750; x_wconf 87' lang='lat' dir='ltr'><strong>a</strong></span> <span class='ocrx_word' id='word_1_158' title='bbox 425 1695 502 1751; x_wconf 88' lang='lat' dir='ltr'><strong>vobis</strong></span> <span class='ocrx_word' id='word_1_159' title='bbox 518 1697 668 1753; x_wconf 88' lang='lat' dir='ltr'><strong>discessero</strong></span> <span class='ocrx_word' id='word_1_160' title='bbox 685 1715 820 1766; x_wconf 85' lang='lat' dir='ltr'><strong>nusquam</strong></span> <span class='ocrx_word' id='word_1_161' title='bbox 833 1702 882 1752; x_wconf 87' lang='lat' dir='ltr'><strong>aut</strong></span> <span class='ocrx_word' id='word_1_162' title='bbox 894 1699 954 1751; x_wconf 92' lang='lat' dir='ltr'><strong>nul-</strong></span> 
     </span>
     <span class='ocr_line' id='line_1_22' title="bbox 103 1774 953 1828; baseline 0.001 -1"><span class='ocrx_word' id='word_1_163' title='bbox 103 1776 158 1827; x_wconf 87' lang='lat' dir='ltr'><strong>lum</strong></span> <span class='ocrx_word' id='word_1_164' title='bbox 170 1776 235 1828; x_wconf 85' lang='lat' dir='ltr'><strong>fore.</strong></span> <span class='ocrx_word' id='word_1_165' title='bbox 257 1775 282 1826; x_wconf 83' lang='lat' dir='ltr'>N</span> <span class='ocrx_word' id='word_1_166' title='bbox 285 1791 315 1827; x_wconf 91' lang='lat' dir='ltr'><strong>ee</strong></span> <span class='ocrx_word' id='word_1_167' title='bbox 328 1774 399 1827; x_wconf 90' lang='lat' dir='ltr'><strong>enim</strong></span> <span class='ocrx_word' id='word_1_168' title='bbox 413 1774 478 1826; x_wconf 77' lang='lat' dir='ltr'><strong>(lum</strong></span> <span class='ocrx_word' id='word_1_169' title='bbox 491 1791 566 1827; x_wconf 90' lang='lat' dir='ltr'><strong>eram</strong></span> <span class='ocrx_word' id='word_1_170' title='bbox 579 1775 717 1828; x_wconf 85' lang='lat' dir='ltr'><strong>vobiscum</strong></span> <span class='ocrx_word' id='word_1_171' title='bbox 729 1775 850 1827; x_wconf 89' lang='lat' dir='ltr'><strong>animum</strong></span> <span class='ocrx_word' id='word_1_172' title='bbox 862 1792 953 1828; x_wconf 89' lang='lat' dir='ltr'><strong>meum</strong></span> 
     </span>
     <span class='ocr_line' id='line_1_23' title="bbox 103 1848 955 1920; baseline 0.001 -17"><span class='ocrx_word' id='word_1_173' title='bbox 103 1850 244 1914; x_wconf 88' lang='lat' dir='ltr'><strong>videbatis,</strong></span> <span class='ocrx_word' id='word_1_174' title='bbox 257 1850 307 1903; x_wconf 87' lang='lat' dir='ltr'><strong>sed</strong></span> <span class='ocrx_word' id='word_1_175' title='bbox 320 1866 381 1902; x_wconf 90' lang='lat' dir='ltr'><strong>eum</strong></span> <span class='ocrx_word' id='word_1_176' title='bbox 394 1867 454 1903; x_wconf 86' lang='lat' dir='ltr'><strong>esse</strong></span> <span class='ocrx_word' id='word_1_177' title='bbox 466 1850 493 1901; x_wconf 90' lang='lat' dir='ltr'><strong>in</strong></span> <span class='ocrx_word' id='word_1_178' title='bbox 506 1848 557 1903; x_wconf 91' lang='lat' dir='ltr'><strong>hoe</strong></span> <span class='ocrx_word' id='word_1_179' title='bbox 568 1867 682 1919; x_wconf 90' lang='lat' dir='ltr'><strong>corpore</strong></span> <span class='ocrx_word' id='word_1_180' title='bbox 693 1868 728 1904; x_wconf 88' lang='lat' dir='ltr'><strong>ex</strong></span> <span class='ocrx_word' id='word_1_181' title='bbox 739 1850 775 1903; x_wconf 91' lang='lat' dir='ltr'><strong>iis</strong></span> <span class='ocrx_word' id='word_1_182' title='bbox 786 1851 869 1903; x_wconf 89' lang='lat' dir='ltr'><strong>rebus</strong></span> <span class='ocrx_word' id='word_1_183' title='bbox 886 1868 955 1920; x_wconf 89' lang='lat' dir='ltr'><strong>quas</strong></span> 
     </span>
     <span class='ocr_line' id='line_1_24' title="bbox 102 1925 953 1995; baseline 0.001 -16"><span class='ocrx_word' id='word_1_184' title='bbox 102 1927 230 1995; x_wconf 81' lang='lat' dir='ltr'><strong>gerebam</strong></span> <span class='ocrx_word' id='word_1_185' title='bbox 247 1926 449 1993; x_wconf 84' lang='lat' dir='ltr'><strong>intelligebatis.</strong></span> <span class='ocrx_word' id='word_1_186' title='bbox 486 1926 611 1979; x_wconf 82' lang='lat' dir='ltr'><strong>Eundem</strong></span> <span class='ocrx_word' id='word_1_187' title='bbox 629 1925 715 1993; x_wconf 84' lang='lat' dir='ltr'><strong>igitur</strong></span> <span class='ocrx_word' id='word_1_188' title='bbox 732 1943 793 1980; x_wconf 88' lang='lat' dir='ltr'><strong>esse</strong></span> <span class='ocrx_word' id='word_1_189' title='bbox 810 1926 953 1991; x_wconf 79' lang='lat' dir='ltr'><strong>meditate,</strong></span> 
     </span>
     <span class='ocr_line' id='line_1_25' title="bbox 103 2002 953 2057; baseline -0.001 -1"><span class='ocrx_word' id='word_1_190' title='bbox 103 2004 186 2056; x_wconf 88' lang='lat' dir='ltr'><strong>etiam</strong></span> <span class='ocrx_word' id='word_1_191' title='bbox 199 2002 222 2054; x_wconf 89' lang='lat' dir='ltr'><strong>si</strong></span> <span class='ocrx_word' id='word_1_192' title='bbox 233 2002 338 2055; x_wconf 91' lang='lat' dir='ltr'><strong>nullum</strong></span> <span class='ocrx_word' id='word_1_193' title='bbox 350 2002 486 2055; x_wconf 88' lang='lat' dir='ltr'><strong>videbitis.</strong></span> <span class='ocrx_word' id='word_1_194' title='bbox 521 2008 563 2057; x_wconf 84' lang='lat'><strong>80.</strong></span> <span class='ocrx_word' id='word_1_195' title='bbox 588 2002 614 2054; x_wconf 87' lang='lat' dir='ltr'>N</span> <span class='ocrx_word' id='word_1_196' title='bbox 616 2018 647 2055; x_wconf 88' lang='lat' dir='ltr'><strong>ec</strong></span> <span class='ocrx_word' id='word_1_197' title='bbox 659 2019 724 2056; x_wconf 86' lang='lat' dir='ltr'><strong>vero</strong></span> <span class='ocrx_word' id='word_1_198' title='bbox 736 2002 871 2055; x_wconf 88' lang='lat' dir='ltr'><strong>clarorum</strong></span> <span class='ocrx_word' id='word_1_199' title='bbox 883 2003 953 2055; x_wconf 79' lang='lat' dir='ltr'><strong>vire</strong></span> 
     </span>
     <span class='ocr_line' id='line_1_26' title="bbox 102 2077 952 2147; baseline 0 -16"><span class='ocrx_word' id='word_1_200' title='bbox 102 2096 163 2131; x_wconf 88' lang='lat' dir='ltr'><strong>rum</strong></span> <span class='ocrx_word' id='word_1_201' title='bbox 175 2081 366 2147; x_wconf 89' lang='lat' dir='ltr'><strong>postmortem</strong></span> <span class='ocrx_word' id='word_1_202' title='bbox 382 2077 498 2130; x_wconf 86' lang='lat' dir='ltr'><strong>honores</strong></span> <span class='ocrx_word' id='word_1_203' title='bbox 510 2083 711 2146; x_wconf 84' lang='lat' dir='ltr'><strong>permanerent,</strong></span> <span class='ocrx_word' id='word_1_204' title='bbox 730 2079 753 2131; x_wconf 93' lang='lat' dir='ltr'><strong>si</strong></span> <span class='ocrx_word' id='word_1_205' title='bbox 772 2079 840 2132; x_wconf 89' lang='lat' dir='ltr'><strong>nihil</strong></span> <span class='ocrx_word' id='word_1_206' title='bbox 859 2096 952 2132; x_wconf 85' lang='lat' dir='ltr'><strong>eorum</strong></span> 
     </span>
     <span class='ocr_line' id='line_1_27' title="bbox 102 2153 953 2222; baseline 0 -15"><span class='ocrx_word' id='word_1_207' title='bbox 102 2156 222 2222; x_wconf 89' lang='lat' dir='ltr'><strong>ipsorum</strong></span> <span class='ocrx_word' id='word_1_208' title='bbox 246 2153 329 2206; x_wconf 89' lang='lat' dir='ltr'><strong>animi</strong></span> <span class='ocrx_word' id='word_1_209' title='bbox 353 2154 492 2206; x_wconf 88' lang='lat' dir='ltr'><strong>efficerent</strong></span> <span class='ocrx_word' id='word_1_210' title='bbox 516 2168 579 2222; x_wconf 85' lang='lat' dir='ltr'><strong>quo</strong></span> <span class='ocrx_word' id='word_1_211' title='bbox 600 2153 704 2207; x_wconf 88' lang='lat' dir='ltr'><strong>diutius</strong></span> <span class='ocrx_word' id='word_1_212' title='bbox 728 2155 886 2208; x_wconf 86' lang='lat' dir='ltr'><strong>memoriam</strong></span> <span class='ocrx_word' id='word_1_213' title='bbox 911 2154 953 2207; x_wconf 89' lang='lat' dir='ltr'><strong>sui</strong></span> 
     </span>
     <span class='ocr_line' id='line_1_28' title="bbox 102 2227 953 2299; baseline 0.001 -16"><span class='ocrx_word' id='word_1_214' title='bbox 102 2236 265 2284; x_wconf 90' lang='lat' dir='ltr'><strong>teneremus.</strong></span> <span class='ocrx_word' id='word_1_215' title='bbox 302 2229 372 2282; x_wconf 92' lang='lat' dir='ltr'><strong>Mihi</strong></span> <span class='ocrx_word' id='word_1_216' title='bbox 393 2229 504 2298; x_wconf 91' lang='lat' dir='ltr'><strong>quidem</strong></span> <span class='ocrx_word' id='word_1_217' title='bbox 524 2227 663 2297; x_wconf 87' lang='lat' dir='ltr'><strong>nunquam</strong></span> <span class='ocrx_word' id='word_1_218' title='bbox 683 2230 842 2299; x_wconf 85' lang='lat' dir='ltr'><strong>persuaderi</strong></span> <span class='ocrx_word' id='word_1_219' title='bbox 863 2231 953 2299; x_wconf 89' lang='lat' dir='ltr'><strong>potuit</strong></span> 
     </span>
     <span class='ocr_line' id='line_1_29' title="bbox 103 2305 953 2374; baseline 0 -15"><span class='ocrx_word' id='word_1_220' title='bbox 103 2306 206 2360; x_wconf 85' lang='lat' dir='ltr'><strong>animos</strong></span> <span class='ocrx_word' id='word_1_221' title='bbox 230 2306 295 2359; x_wconf 91' lang='lat' dir='ltr'><strong>dum</strong></span> <span class='ocrx_word' id='word_1_222' title='bbox 316 2305 527 2372; x_wconf 88' lang='lat' dir='ltr'><strong>in-cerporibus</strong></span> <span class='ocrx_word' id='word_1_223' title='bbox 548 2308 641 2359; x_wconf 87' lang='lat' dir='ltr'><strong>essent</strong></span> <span class='ocrx_word' id='word_1_224' title='bbox 665 2306 827 2359; x_wconf 88' lang='lat' dir='ltr'><strong>mortalibus</strong></span> <span class='ocrx_word' id='word_1_225' title='bbox 853 2308 953 2374; x_wconf 84' lang='lat' dir='ltr'><strong>vivere,</strong></span> 
     </span>
     <span class='ocr_line' id='line_1_30' title="bbox 103 2382 954 2451; baseline 0.001 -16"><span class='ocrx_word' id='word_1_226' title='bbox 103 2400 187 2451; x_wconf 88' lang='lat' dir='ltr'><strong>quum</strong></span> <span class='ocrx_word' id='word_1_227' title='bbox 199 2382 319 2436; x_wconf 84' lang='lat' dir='ltr'><strong>exissent</strong></span> <span class='ocrx_word' id='word_1_228' title='bbox 331 2399 365 2435; x_wconf 89' lang='lat' dir='ltr'><strong>ex</strong></span> <span class='ocrx_word' id='word_1_229' title='bbox 377 2382 411 2435; x_wconf 89' lang='lat' dir='ltr'><strong>iis</strong></span> <span class='ocrx_word' id='word_1_230' title='bbox 423 2382 522 2435; x_wconf 89' lang='lat' dir='ltr'><strong>emori:</strong></span> <span class='ocrx_word' id='word_1_231' title='bbox 541 2398 592 2434; x_wconf 92' lang='lat' dir='ltr'><strong>nee</strong></span> <span class='ocrx_word' id='word_1_232' title='bbox 603 2398 669 2434; x_wconf 83' lang='lat' dir='ltr'><strong>vero</strong></span> <span class='ocrx_word' id='word_1_233' title='bbox 680 2385 740 2434; x_wconf 88' lang='lat' dir='ltr'><strong>tum</strong></span> <span class='ocrx_word' id='word_1_234' title='bbox 756 2383 878 2435; x_wconf 85' lang='lat' dir='ltr'><strong>animum</strong></span> <span class='ocrx_word' id='word_1_235' title='bbox 893 2400 954 2436; x_wconf 88' lang='lat' dir='ltr'><strong>esse</strong></span> 
     </span>
     <span class='ocr_line' id='line_1_31' title="bbox 102 2457 953 2527; baseline 0 -15"><span class='ocrx_word' id='word_1_236' title='bbox 102 2459 275 2527; x_wconf 88' lang='lat' dir='ltr'><strong>insipientem</strong></span> <span class='ocrx_word' id='word_1_237' title='bbox 292 2474 377 2526; x_wconf 91' lang='lat' dir='ltr'><strong>quum</strong></span> <span class='ocrx_word' id='word_1_238' title='bbox 395 2474 430 2511; x_wconf 85' lang='lat' dir='ltr'><strong>ex</strong></span> <span class='ocrx_word' id='word_1_239' title='bbox 447 2457 588 2526; x_wconf 89' lang='lat' dir='ltr'><strong>insipienti</strong></span> <span class='ocrx_word' id='word_1_240' title='bbox 600 2474 720 2527; x_wconf 80' lang='lat' dir='ltr'><strong>corpere</strong></span> <span class='ocrx_word' id='word_1_241' title='bbox 737 2460 885 2524; x_wconf 82' lang='lat' dir='ltr'><strong>evasisset3</strong></span> <span class='ocrx_word' id='word_1_242' title='bbox 903 2458 953 2512; x_wconf 88' lang='lat' dir='ltr'><strong>sed</strong></span> 
     </span>
     <span class='ocr_line' id='line_1_32' title="bbox 103 2533 954 2603; baseline 0 -16"><span class='ocrx_word' id='word_1_243' title='bbox 103 2551 186 2603; x_wconf 89' lang='lat' dir='ltr'><strong>quum</strong></span> <span class='ocrx_word' id='word_1_244' title='bbox 199 2534 272 2587; x_wconf 91' lang='lat' dir='ltr'><strong>omni</strong></span> <span class='ocrx_word' id='word_1_245' title='bbox 284 2534 451 2586; x_wconf 88' lang='lat' dir='ltr'><strong>admixtione</strong></span> <span class='ocrx_word' id='word_1_246' title='bbox 461 2534 582 2602; x_wconf 88' lang='lat' dir='ltr'><strong>eorporis</strong></span> <span class='ocrx_word' id='word_1_247' title='bbox 598 2533 733 2587; x_wconf 87' lang='lat' dir='ltr'><strong>liberatus</strong></span> <span class='ocrx_word' id='word_1_248' title='bbox 744 2552 831 2603; x_wconf 89' lang='lat' dir='ltr'><strong>purus</strong></span> <span class='ocrx_word' id='word_1_249' title='bbox 844 2538 873 2587; x_wconf 88' lang='lat' dir='ltr'><strong>ct</strong></span> <span class='ocrx_word' id='word_1_250' title='bbox 886 2535 954 2587; x_wconf 78' lang='lat' dir='ltr'><strong>inte-</strong></span> 
     </span>
     <span class='ocr_line' id='line_1_33' title="bbox 102 2609 953 2679; baseline 0.005 -16"><span class='ocrx_word' id='word_1_251' title='bbox 102 2627 151 2677; x_wconf 75' lang='lat' dir='ltr'><strong>ger</strong></span> <span class='ocrx_word' id='word_1_252' title='bbox 168 2626 228 2663; x_wconf 89' lang='lat' dir='ltr'><strong>esse</strong></span> <span class='ocrx_word' id='word_1_253' title='bbox 246 2609 386 2677; x_wconf 87' lang='lat' dir='ltr'><strong>coepisset,</strong></span> <span class='ocrx_word' id='word_1_254' title='bbox 405 2612 465 2662; x_wconf 89' lang='lat' dir='ltr'><strong>tum</strong></span> <span class='ocrx_word' id='word_1_255' title='bbox 484 2626 544 2663; x_wconf 91' lang='lat' dir='ltr'><strong>esse</strong></span> <span class='ocrx_word' id='word_1_256' title='bbox 562 2609 721 2677; x_wconf 86' lang='lat' dir='ltr'><strong>sapientem.</strong></span> <span class='ocrx_word' id='word_1_257' title='bbox 761 2612 857 2679; x_wconf 79' lang='lat' dir='ltr'><strong>Atque</strong></span> <span class='ocrx_word' id='word_1_258' title='bbox 869 2611 953 2668; x_wconf 76' lang='lat' dir='ltr'><strong>emm</strong></span> 
     </span>
     <span class='ocr_line' id='line_1_34' title="bbox 103 2684 951 2755; baseline -0.004 -14"><span class='ocrx_word' id='word_1_259' title='bbox 103 2703 187 2755; x_wconf 86' lang='lat' dir='ltr'><strong>quum</strong></span> <span class='ocrx_word' id='word_1_260' title='bbox 214 2684 330 2737; x_wconf 86' lang='lat' dir='ltr'><strong>hominis</strong></span> <span class='ocrx_word' id='word_1_261' title='bbox 360 2687 458 2738; x_wconf 86' lang='lat' dir='ltr'><strong>natura</strong></span> <span class='ocrx_word' id='word_1_262' title='bbox 484 2690 574 2739; x_wconf 90' lang='lat' dir='ltr'><strong>morte</strong></span> <span class='ocrx_word' id='word_1_263' title='bbox 602 2685 768 2752; x_wconf 82' lang='lat' dir='ltr'><strong>dissolvitur,</strong></span> <span class='ocrx_word' id='word_1_264' title='bbox 798 2690 951 2740; x_wconf 87' lang='lat' dir='ltr'><strong>ceterarum</strong></span> 
     </span>
     <span class='ocr_line' id='line_1_35' title="bbox 104 2761 954 2831; baseline 0 -16"><span class='ocrx_word' id='word_1_265' title='bbox 104 2778 194 2815; x_wconf 85' lang='lat' dir='ltr'><strong>rerum</strong></span> <span class='ocrx_word' id='word_1_266' title='bbox 211 2762 383 2829; x_wconf 84' lang='lat' dir='ltr'><strong>perspicuum</strong></span> <span class='ocrx_word' id='word_1_267' title='bbox 402 2765 445 2814; x_wconf 93' lang='lat' dir='ltr'><strong>est</strong></span> <span class='ocrx_word' id='word_1_268' title='bbox 463 2778 517 2829; x_wconf 93' lang='lat' dir='ltr'><strong>quo</strong></span> <span class='ocrx_word' id='word_1_269' title='bbox 534 2778 661 2831; x_wconf 87' lang='lat' dir='ltr'><strong>quaeque</strong></span> <span class='ocrx_word' id='word_1_270' title='bbox 685 2761 826 2825; x_wconf 85' lang='lat' dir='ltr'><strong>discedat3</strong></span> <span class='ocrx_word' id='word_1_271' title='bbox 850 2762 954 2815; x_wconf 88' lang='lat' dir='ltr'><strong>abeunt</strong></span> 
     </span>
     <span class='ocr_line' id='line_1_36' title="bbox 103 2836 954 2901; baseline 0.001 -12"><span class='ocrx_word' id='word_1_272' title='bbox 103 2838 175 2889; x_wconf 90' lang='lat' dir='ltr'><strong>enim</strong></span> <span class='ocrx_word' id='word_1_273' title='bbox 193 2836 257 2889; x_wconf 88' lang='lat' dir='ltr'><strong>illuc</strong></span> <span class='ocrx_word' id='word_1_274' title='bbox 274 2836 364 2889; x_wconf 86' lang='lat' dir='ltr'><strong>omnia</strong></span> <span class='ocrx_word' id='word_1_275' title='bbox 382 2837 455 2890; x_wconf 89' lang='lat' dir='ltr'><strong>unde</strong></span> <span class='ocrx_word' id='word_1_276' title='bbox 471 2841 533 2890; x_wconf 83' lang='lat' dir='ltr'><strong>orta</strong></span> <span class='ocrx_word' id='word_1_277' title='bbox 551 2842 629 2901; x_wconf 90' lang='lat' dir='ltr'><strong>sunt;</strong></span> <span class='ocrx_word' id='word_1_278' title='bbox 646 2838 753 2890; x_wconf 85' lang='lat' dir='ltr'><strong>animus</strong></span> <span class='ocrx_word' id='word_1_279' title='bbox 771 2841 864 2890; x_wconf 90' lang='lat' dir='ltr'><strong>autem</strong></span> <span class='ocrx_word' id='word_1_280' title='bbox 881 2836 954 2890; x_wconf 88' lang='lat' dir='ltr'><strong>solus</strong></span> 
     </span>
     <span class='ocr_line' id='line_1_37' title="bbox 103 2910 953 2981; baseline 0.002 -18"><span class='ocrx_word' id='word_1_281' title='bbox 103 2929 152 2965; x_wconf 90' lang='lat' dir='ltr'><strong>nec</strong></span> <span class='ocrx_word' id='word_1_282' title='bbox 165 2928 248 2978; x_wconf 91' lang='lat' dir='ltr'><strong>quum</strong></span> <span class='ocrx_word' id='word_1_283' title='bbox 261 2910 341 2963; x_wconf 86' lang='lat' dir='ltr'><strong>adest</strong></span> <span class='ocrx_word' id='word_1_284' title='bbox 353 2928 403 2964; x_wconf 90' lang='lat' dir='ltr'><strong>nec</strong></span> <span class='ocrx_word' id='word_1_285' title='bbox 416 2928 499 2979; x_wconf 89' lang='lat' dir='ltr'><strong>quum</strong></span> <span class='ocrx_word' id='word_1_286' title='bbox 513 2913 632 2966; x_wconf 87' lang='lat' dir='ltr'><strong>discedit</strong></span> <span class='ocrx_word' id='word_1_287' title='bbox 649 2915 774 2981; x_wconf 83' lang='lat' dir='ltr'><strong>apparet.</strong></span> <span class='ocrx_word' id='word_1_288' title='bbox 812 2913 876 2965; x_wconf 86' lang='lat' dir='ltr'><strong>Jam</strong></span> <span class='ocrx_word' id='word_1_289' title='bbox 889 2929 953 2967; x_wconf 82' lang='lat' dir='ltr'><strong>rere</strong></span> 
     </span>
     <span class='ocr_line' id='line_1_38' title="bbox 104 2986 953 3056; baseline 0.004 -17"><span class='ocrx_word' id='word_1_290' title='bbox 104 2988 202 3040; x_wconf 86' lang='lat' dir='ltr'><strong>videtis</strong></span> <span class='ocrx_word' id='word_1_291' title='bbox 215 2986 282 3038; x_wconf 88' lang='lat' dir='ltr'><strong>nihil</strong></span> <span class='ocrx_word' id='word_1_292' title='bbox 294 3002 353 3039; x_wconf 87' lang='lat' dir='ltr'><strong>esse</strong></span> <span class='ocrx_word' id='word_1_293' title='bbox 365 2989 447 3042; x_wconf 91' lang='lat' dir='ltr'><strong>morti</strong></span> <span class='ocrx_word' id='word_1_294' title='bbox 460 2992 517 3041; x_wconf 83' lang='lat' dir='ltr'><strong>tem</strong></span> <span class='ocrx_word' id='word_1_295' title='bbox 534 2990 622 3041; x_wconf 89' lang='lat' dir='ltr'><strong>simile</strong></span> <span class='ocrx_word' id='word_1_296' title='bbox 640 3005 722 3056; x_wconf 86' lang='lat' dir='ltr'><strong>quam</strong></span> <span class='ocrx_word' id='word_1_297' title='bbox 740 3004 873 3042; x_wconf 91' lang='lat' dir='ltr'><strong>somnum.</strong></span> <span class='ocrx_word' id='word_1_298' title='bbox 913 2995 953 3043; x_wconf 92' lang='lat'><strong>81.</strong></span> 
     </span>
     <span class='ocr_line' id='line_1_39' title="bbox 107 3060 954 3132; baseline 0.002 -16"><span class='ocrx_word' id='word_1_299' title='bbox 107 3062 194 3132; x_wconf 77' lang='lat' dir='ltr'><strong>Atqui</strong></span> <span class='ocrx_word' id='word_1_300' title='bbox 214 3060 407 3116; x_wconf 89' lang='lat' dir='ltr'><strong>dormientium</strong></span> <span class='ocrx_word' id='word_1_301' title='bbox 429 3064 511 3117; x_wconf 88' lang='lat' dir='ltr'><strong>animi</strong></span> <span class='ocrx_word' id='word_1_302' title='bbox 530 3065 649 3117; x_wconf 86' lang='lat' dir='ltr'><strong>maxime</strong></span> <span class='ocrx_word' id='word_1_303' title='bbox 668 3063 808 3116; x_wconf 86' lang='lat' dir='ltr'><strong>declarant</strong></span> <span class='ocrx_word' id='word_1_304' title='bbox 828 3064 954 3118; x_wconf 82' lang='lat' dir='ltr'><strong>divinita·</strong></span> 
     </span>
     <span class='ocr_line' id='line_1_40' title="bbox 105 3139 953 3207; baseline 0.004 -16"><span class='ocrx_word' id='word_1_305' title='bbox 105 3145 160 3192; x_wconf 80' lang='lat' dir='ltr'><strong>teni</strong></span> <span class='ocrx_word' id='word_1_306' title='bbox 185 3156 277 3205; x_wconf 79' lang='lat' dir='ltr'><strong>suam3</strong></span> <span class='ocrx_word' id='word_1_307' title='bbox 302 3139 387 3191; x_wconf 87' lang='lat' dir='ltr'><strong>multa</strong></span> <span class='ocrx_word' id='word_1_308' title='bbox 412 3141 482 3192; x_wconf 91' lang='lat' dir='ltr'><strong>enim</strong></span> <span class='ocrx_word' id='word_1_309' title='bbox 496 3156 592 3207; x_wconf 83' lang='lat' dir='ltr'><strong>.quu1n</strong></span> <span class='ocrx_word' id='word_1_310' title='bbox 611 3140 719 3193; x_wconf 91' lang='lat' dir='ltr'><strong>remissi</strong></span> <span class='ocrx_word' id='word_1_311' title='bbox 740 3144 769 3192; x_wconf 93' lang='lat' dir='ltr'><strong>et</strong></span> <span class='ocrx_word' id='word_1_312' title='bbox 787 3139 867 3193; x_wconf 89' lang='lat' dir='ltr'><strong>liberi</strong></span> <span class='ocrx_word' id='word_1_313' title='bbox 890 3144 953 3194; x_wconf 91' lang='lat' dir='ltr'><strong>sunt</strong></span> 
     </span>
     <span class='ocr_line' id='line_1_41' title="bbox 105 3206 955 3285; baseline 0.005 -19"><span class='ocrx_word' id='word_1_314' title='bbox 105 3216 197 3267; x_wconf 73' lang='lat' dir='ltr'><strong>intima</strong></span> <span class='ocrx_word' id='word_1_315' title='bbox 217 3214 392 3285; x_wconf 85' lang='lat' dir='ltr'><strong>prospiciunt</strong></span> <span class='ocrx_word' id='word_1_316' title='bbox 430 3216 472 3267; x_wconf 84' lang='lat' dir='ltr'><strong>Ex</strong></span> <span class='ocrx_word' id='word_1_317' title='bbox 493 3231 547 3282; x_wconf 90' lang='lat' dir='ltr'><strong>quo</strong></span> <span class='ocrx_word' id='word_1_318' title='bbox 568 3215 732 3282; x_wconf 79' lang='lat' dir='ltr'><strong>intelligitur</strong></span> <span class='ocrx_word' id='word_1_319' title='bbox 752 3215 848 3281; x_wconf 86' lang='lat' dir='ltr'><strong>quales</strong></span> <span class='ocrx_word' id='word_1_320' title='bbox 868 3206 955 3270; x_wconf 82' lang='lat' dir='ltr'><strong>futuri</strong></span> 
     </span>
    </p>
   </div>
   <div class='ocr_carea' id='block_1_4' title="bbox 0 0 1104 3450">
    <p class='ocr_par' dir='ltr' id='par_1_5' title="bbox 0 0 1104 3450">
     <span class='ocr_line' id='line_1_42' title="bbox 0 0 1104 3450; baseline 0 0"><span class='ocrx_word' id='word_1_321' title='bbox 0 0 1104 3450; x_wconf 95' lang='lat' dir='ltr'><strong> </strong></span> 
     </span>
    </p>
   </div>
  </div>
 </body>
</html>
