<?xml version="1.0" encoding="UTF-8"?>
<!DOCTYPE html PUBLIC "-//W3C//DTD XHTML 1.0 Transitional//EN"
    "http://www.w3.org/TR/xhtml1/DTD/xhtml1-transitional.dtd">
<html xmlns="http://www.w3.org/1999/xhtml" xml:lang="en" lang="en">
 <head>
  <title>
</title>
<meta http-equiv="Content-Type" content="text/html;charset=utf-8" />
  <meta name='ocr-system' content='tesseract 3.04.00' />
  <meta name='ocr-capabilities' content='ocr_page ocr_carea ocr_par ocr_line ocrx_word'/>
</head>
<body>
  <div class='ocr_page' id='page_1' title='image "./catomajorsivede00longgoog_0020.png"; bbox 0 0 2200 3450; ppageno 0'>
   <div class='ocr_carea' id='block_1_1' title="bbox 102 123 721 176">
    <p class='ocr_par' dir='ltr' id='par_1_1' title="bbox 102 123 721 176">
     <span class='ocr_line' id='line_1_1' title="bbox 102 123 721 176; baseline -0.005 -1"><span class='ocrx_word' id='word_1_1' title='bbox 102 129 132 176; x_wconf 79' lang='lat'>12</span> <span class='ocrx_word' id='word_1_2' title='bbox 332 125 370 173; x_wconf 90' lang='lat' dir='ltr'>M.</span> <span class='ocrx_word' id='word_1_3' title='bbox 388 125 513 173; x_wconf 84' lang='lat' dir='ltr'>TULLII</span> <span class='ocrx_word' id='word_1_4' title='bbox 531 123 721 172; x_wconf 76' lang='lat' dir='ltr'>CICERONIS</span> 
     </span>
    </p>
   </div>
   <div class='ocr_carea' id='block_1_2' title="bbox 101 202 1007 3220">
    <p class='ocr_par' dir='ltr' id='par_1_2' title="bbox 101 202 950 1623">
     <span class='ocr_line' id='line_1_2' title="bbox 101 202 947 274; baseline 0.001 -16"><span class='ocrx_word' id='word_1_5' title='bbox 101 205 241 274; x_wconf 88' lang='lat' dir='ltr'>proprium</span> <span class='ocrx_word' id='word_1_6' title='bbox 253 206 401 259; x_wconf 72' lang='lat' dir='ltr'>senectutis</span> <span class='ocrx_word' id='word_1_7' title='bbox 412 206 509 258; x_wconf 81' lang='lat' dir='ltr'>vitium</span> <span class='ocrx_word' id='word_1_8' title='bbox 527 210 577 272; x_wconf 86' lang='lat' dir='ltr'>cst,</span> <span class='ocrx_word' id='word_1_9' title='bbox 595 205 644 258; x_wconf 91' lang='lat' dir='ltr'>sed</span> <span class='ocrx_word' id='word_1_10' title='bbox 657 221 799 260; x_wconf 91' lang='lat' dir='ltr'>commune</span> <span class='ocrx_word' id='word_1_11' title='bbox 812 202 947 261; x_wconf 83' lang='lat' dir='ltr'>valetudi-</span> 
     </span>
     <span class='ocr_line' id='line_1_3' title="bbox 101 280 948 350; baseline 0.002 -16"><span class='ocrx_word' id='word_1_12' title='bbox 101 281 150 334; x_wconf 88' lang='lat' dir='ltr'>nis.</span> <span class='ocrx_word' id='word_1_13' title='bbox 186 281 272 346; x_wconf 76' lang='lat' dir='ltr'>Quam</span> <span class='ocrx_word' id='word_1_14' title='bbox 290 281 344 334; x_wconf 89' lang='lat' dir='ltr'>fuit</span> <span class='ocrx_word' id='word_1_15' title='bbox 363 281 513 334; x_wconf 89' lang='lat' dir='ltr'>imbecillus</span> <span class='ocrx_word' id='word_1_16' title='bbox 533 281 563 334; x_wconf 92' lang='lat' dir='ltr'>P.</span> <span class='ocrx_word' id='word_1_17' title='bbox 576 280 699 333; x_wconf 86' lang='lat' dir='ltr'>Africani</span> <span class='ocrx_word' id='word_1_18' title='bbox 715 281 794 349; x_wconf 89' lang='lat' dir='ltr'>filius,</span> <span class='ocrx_word' id='word_1_19' title='bbox 813 282 900 350; x_wconf 91' lang='lat' dir='ltr'>isqui</span> <span class='ocrx_word' id='word_1_20' title='bbox 918 284 948 336; x_wconf 83' lang='lat' dir='ltr'>te</span> 
     </span>
     <span class='ocr_line' id='line_1_4' title="bbox 102 355 946 425; baseline 0.001 -16"><span class='ocrx_word' id='word_1_21' title='bbox 102 356 256 425; x_wconf 86' lang='lat' dir='ltr'>adoptavit!</span> <span class='ocrx_word' id='word_1_22' title='bbox 288 372 370 424; x_wconf 89' lang='lat' dir='ltr'>quam</span> <span class='ocrx_word' id='word_1_23' title='bbox 393 356 467 409; x_wconf 89' lang='lat' dir='ltr'>tonui</span> <span class='ocrx_word' id='word_1_24' title='bbox 494 358 542 408; x_wconf 87' lang='lat' dir='ltr'>aut</span> <span class='ocrx_word' id='word_1_25' title='bbox 565 355 640 409; x_wconf 89' lang='lat' dir='ltr'>nulla</span> <span class='ocrx_word' id='word_1_26' title='bbox 661 356 753 424; x_wconf 82' lang='lat' dir='ltr'>&#39;potius</span> <span class='ocrx_word' id='word_1_27' title='bbox 775 357 946 410; x_wconf 89' lang='lat' dir='ltr'>valetudine!</span> 
     </span>
     <span class='ocr_line' id='line_1_5' title="bbox 103 429 948 497; baseline 0.001 -13"><span class='ocrx_word' id='word_1_28' title='bbox 103 431 183 496; x_wconf 79' lang='lat' dir='ltr'>Quod</span> <span class='ocrx_word' id='word_1_29' title='bbox 194 431 222 484; x_wconf 92' lang='lat' dir='ltr'>ni</span> <span class='ocrx_word' id='word_1_30' title='bbox 233 432 273 485; x_wconf 90' lang='lat' dir='ltr'>ita</span> <span class='ocrx_word' id='word_1_31' title='bbox 284 432 388 497; x_wconf 87' lang='lat' dir='ltr'>fuisset,</span> <span class='ocrx_word' id='word_1_32' title='bbox 402 432 518 484; x_wconf 85' lang='lat' dir='ltr'>alterurn</span> <span class='ocrx_word' id='word_1_33' title='bbox 530 429 599 483; x_wconf 88' lang='lat' dir='ltr'>illud</span> <span class='ocrx_word' id='word_1_34' title='bbox 611 432 761 486; x_wconf 73' lang='lat' dir='ltr'>exstitisset</span> <span class='ocrx_word' id='word_1_35' title='bbox 778 433 869 485; x_wconf 90' lang='lat' dir='ltr'>lumen</span> <span class='ocrx_word' id='word_1_36' title='bbox 885 433 948 486; x_wconf 89' lang='lat' dir='ltr'>eivi-</span> 
     </span>
     <span class='ocr_line' id='line_1_6' title="bbox 102 507 948 575; baseline 0 -15"><span class='ocrx_word' id='word_1_37' title='bbox 102 508 183 572; x_wconf 81' lang='lat' dir='ltr'>tatis3</span> <span class='ocrx_word' id='word_1_38' title='bbox 201 508 236 560; x_wconf 92' lang='lat' dir='ltr'>ad</span> <span class='ocrx_word' id='word_1_39' title='bbox 248 512 389 575; x_wconf 88' lang='lat' dir='ltr'>paternam</span> <span class='ocrx_word' id='word_1_40' title='bbox 403 508 474 560; x_wconf 82' lang='lat' dir='ltr'>enirn</span> <span class='ocrx_word' id='word_1_41' title='bbox 492 507 707 574; x_wconf 79' lang='lat' dir='ltr'>magnitudinem</span> <span class='ocrx_word' id='word_1_42' title='bbox 725 509 808 560; x_wconf 86' lang='lat' dir='ltr'>animi</span> <span class='ocrx_word' id='word_1_43' title='bbox 826 509 948 561; x_wconf 86' lang='lat' dir='ltr'>doctriua</span> 
     </span>
     <span class='ocr_line' id='line_1_7' title="bbox 103 582 947 650; baseline 0 -14"><span class='ocrx_word' id='word_1_44' title='bbox 103 582 212 636; x_wconf 88' lang='lat' dir='ltr'>uberior</span> <span class='ocrx_word' id='word_1_45' title='bbox 232 586 392 638; x_wconf 82' lang='lat' dir='ltr'>accesserat.</span> <span class='ocrx_word' id='word_1_46' title='bbox 429 583 501 647; x_wconf 64' lang='lat' dir='ltr'>(liud</span> <span class='ocrx_word' id='word_1_47' title='bbox 519 583 619 635; x_wconf 89' lang='lat' dir='ltr'>mirum</span> <span class='ocrx_word' id='word_1_48' title='bbox 638 583 724 650; x_wconf 85' lang='lat' dir='ltr'>igitur</span> <span class='ocrx_word' id='word_1_49' title='bbox 742 583 771 636; x_wconf 91' lang='lat' dir='ltr'>in</span> <span class='ocrx_word' id='word_1_50' title='bbox 791 583 907 649; x_wconf 87' lang='lat' dir='ltr'>senibus,</span> <span class='ocrx_word' id='word_1_51' title='bbox 925 584 947 635; x_wconf 91' lang='lat' dir='ltr'>si</span> 
     </span>
     <span class='ocr_line' id='line_1_8' title="bbox 103 657 947 727; baseline 0.002 -17"><span class='ocrx_word' id='word_1_52' title='bbox 103 659 202 711; x_wconf 86' lang='lat' dir='ltr'>infirmi</span> <span class='ocrx_word' id='word_1_53' title='bbox 215 661 278 711; x_wconf 90' lang='lat' dir='ltr'>sunt</span> <span class='ocrx_word' id='word_1_54' title='bbox 290 657 442 725; x_wconf 89' lang='lat' dir='ltr'>aliquando,</span> <span class='ocrx_word' id='word_1_55' title='bbox 455 674 539 725; x_wconf 90' lang='lat' dir='ltr'>quum</span> <span class='ocrx_word' id='word_1_56' title='bbox 551 658 580 710; x_wconf 91' lang='lat' dir='ltr'>id</span> <span class='ocrx_word' id='word_1_57' title='bbox 592 674 629 710; x_wconf 90' lang='lat' dir='ltr'>ne</span> <span class='ocrx_word' id='word_1_58' title='bbox 638 658 825 712; x_wconf 88' lang='lat' dir='ltr'>adolescentes</span> <span class='ocrx_word' id='word_1_59' title='bbox 835 659 947 727; x_wconf 87' lang='lat' dir='ltr'>-quidcm</span> 
     </span>
     <span class='ocr_line' id='line_1_9' title="bbox 104 729 947 802; baseline 0 -16"><span class='ocrx_word' id='word_1_60' title='bbox 104 733 222 801; x_wconf 78' lang='lat' dir='ltr'>ellegere</span> <span class='ocrx_word' id='word_1_61' title='bbox 233 729 353 800; x_wconf 84' lang='lat' dir='ltr'>possintl</span> <span class='ocrx_word' id='word_1_62' title='bbox 390 733 591 798; x_wconf 84' lang='lat' dir='ltr'>Resistendum,</span> <span class='ocrx_word' id='word_1_63' title='bbox 605 733 681 787; x_wconf 84' lang='lat' dir='ltr'>Laeli</span> <span class='ocrx_word' id='word_1_64' title='bbox 697 737 726 786; x_wconf 90' lang='lat' dir='ltr'>et</span> <span class='ocrx_word' id='word_1_65' title='bbox 743 734 839 802; x_wconf 80' lang='lat' dir='ltr'>Scipio,</span> <span class='ocrx_word' id='word_1_66' title='bbox 856 750 947 786; x_wconf 90' lang='lat' dir='ltr'>senec-</span> 
     </span>
     <span class='ocr_line' id='line_1_10' title="bbox 103 803 947 876; baseline 0.001 -15"><span class='ocrx_word' id='word_1_67' title='bbox 103 811 159 861; x_wconf 89' lang='lat' dir='ltr'>tuti</span> <span class='ocrx_word' id='word_1_68' title='bbox 183 812 233 873; x_wconf 90' lang='lat' dir='ltr'>est,</span> <span class='ocrx_word' id='word_1_69' title='bbox 258 803 372 876; x_wconf 88' lang='lat' dir='ltr'>ejusque</span> <span class='ocrx_word' id='word_1_70' title='bbox 395 807 462 861; x_wconf 84' lang='lat' dir='ltr'>vitia</span> <span class='ocrx_word' id='word_1_71' title='bbox 485 807 627 876; x_wconf 80' lang='lat' dir='ltr'>diligentia</span> <span class='ocrx_word' id='word_1_72' title='bbox 650 808 849 876; x_wconf 86' lang='lat' dir='ltr'>compensanda</span> <span class='ocrx_word' id='word_1_73' title='bbox 871 813 947 862; x_wconf 90' lang='lat' dir='ltr'>sunt:</span> 
     </span>
     <span class='ocr_line' id='line_1_11' title="bbox 104 882 948 951; baseline 0.005 -17"><span class='ocrx_word' id='word_1_74' title='bbox 104 882 280 951; x_wconf 79' lang='lat' dir='ltr'>pugnandum</span> <span class='ocrx_word' id='word_1_75' title='bbox 292 887 432 951; x_wconf 82' lang='lat' dir='ltr'>tamquam</span> <span class='ocrx_word' id='word_1_76' title='bbox 448 887 543 936; x_wconf 90' lang='lat' dir='ltr'>contra</span> <span class='ocrx_word' id='word_1_77' title='bbox 559 883 684 936; x_wconf 80' lang='lat' dir='ltr'>morbum</span> <span class='ocrx_word' id='word_1_78' title='bbox 697 886 735 937; x_wconf 88' lang='lat' dir='ltr'>sic</span> <span class='ocrx_word' id='word_1_79' title='bbox 747 888 841 938; x_wconf 89' lang='lat' dir='ltr'>eontra</span> <span class='ocrx_word' id='word_1_80' title='bbox 858 901 948 938; x_wconf 88' lang='lat' dir='ltr'>sence-</span> 
     </span>
     <span class='ocr_line' id='line_1_12' title="bbox 104 958 948 1024; baseline 0.001 -12"><span class='ocrx_word' id='word_1_81' title='bbox 104 964 200 1012; x_wconf 88' lang='lat' dir='ltr'>tutcm.</span> <span class='ocrx_word' id='word_1_82' title='bbox 236 964 277 1012; x_wconf 81' lang='lat'>36.</span> <span class='ocrx_word' id='word_1_83' title='bbox 298 958 434 1011; x_wconf 90' lang='lat' dir='ltr'>Habenda</span> <span class='ocrx_word' id='word_1_84' title='bbox 446 959 516 1012; x_wconf 86' lang='lat' dir='ltr'>ratio</span> <span class='ocrx_word' id='word_1_85' title='bbox 528 959 692 1012; x_wconf 87' lang='lat' dir='ltr'>valetudinis</span> <span class='ocrx_word' id='word_1_86' title='bbox 700 980 716 1024; x_wconf 92' lang='lat'>;·</span> <span class='ocrx_word' id='word_1_87' title='bbox 727 959 860 1012; x_wconf 90' lang='lat' dir='ltr'>utendum</span> <span class='ocrx_word' id='word_1_88' title='bbox 873 977 948 1013; x_wconf 85' lang='lat' dir='ltr'>exer-</span> 
     </span>
     <span class='ocr_line' id='line_1_13' title="bbox 105 1033 948 1103; baseline 0.002 -17"><span class='ocrx_word' id='word_1_89' title='bbox 105 1033 278 1087; x_wconf 87' lang='lat' dir='ltr'>citationibus</span> <span class='ocrx_word' id='word_1_90' title='bbox 299 1033 425 1096; x_wconf 89' lang='lat' dir='ltr'>modicis;</span> <span class='ocrx_word' id='word_1_91' title='bbox 443 1037 549 1087; x_wconf 90' lang='lat' dir='ltr'>tantum</span> <span class='ocrx_word' id='word_1_92' title='bbox 569 1033 622 1087; x_wconf 92' lang='lat' dir='ltr'>cibi</span> <span class='ocrx_word' id='word_1_93' title='bbox 640 1038 669 1088; x_wconf 90' lang='lat' dir='ltr'>et</span> <span class='ocrx_word' id='word_1_94' title='bbox 684 1035 802 1103; x_wconf 87' lang='lat' dir='ltr'>potionis</span> <span class='ocrx_word' id='word_1_95' title='bbox 819 1035 948 1089; x_wconf 88' lang='lat' dir='ltr'>adhiben-</span> 
     </span>
     <span class='ocr_line' id='line_1_14' title="bbox 105 1105 948 1178; baseline 0.001 -16"><span class='ocrx_word' id='word_1_96' title='bbox 105 1111 170 1162; x_wconf 89' lang='lat' dir='ltr'>dum</span> <span class='ocrx_word' id='word_1_97' title='bbox 188 1113 220 1163; x_wconf 91' lang='lat' dir='ltr'>ut</span> <span class='ocrx_word' id='word_1_98' title='bbox 238 1109 394 1162; x_wconf 87' lang='lat' dir='ltr'>reficiantur</span> <span class='ocrx_word' id='word_1_99' title='bbox 412 1105 490 1176; x_wconf 82' lang='lat' dir='ltr'>vires,</span> <span class='ocrx_word' id='word_1_100' title='bbox 509 1126 564 1162; x_wconf 90' lang='lat' dir='ltr'>non</span> <span class='ocrx_word' id='word_1_101' title='bbox 582 1110 778 1178; x_wconf 86' lang='lat' dir='ltr'>opprimantur.</span> <span class='ocrx_word' id='word_1_102' title='bbox 813 1111 872 1166; x_wconf 90' lang='lat' dir='ltr'>Nec</span> <span class='ocrx_word' id='word_1_103' title='bbox 884 1127 948 1164; x_wconf 88' lang='lat' dir='ltr'>vero</span> 
     </span>
     <span class='ocr_line' id='line_1_15' title="bbox 105 1184 949 1255; baseline 0.001 -17"><span class='ocrx_word' id='word_1_104' title='bbox 105 1186 211 1254; x_wconf 87' lang='lat' dir='ltr'>corpori</span> <span class='ocrx_word' id='word_1_105' title='bbox 229 1185 279 1239; x_wconf 89' lang='lat' dir='ltr'>soli</span> <span class='ocrx_word' id='word_1_106' title='bbox 298 1184 514 1238; x_wconf 89' lang='lat' dir='ltr'>subveniendum</span> <span class='ocrx_word' id='word_1_107' title='bbox 532 1188 582 1252; x_wconf 87' lang='lat' dir='ltr'>est,</span> <span class='ocrx_word' id='word_1_108' title='bbox 601 1185 649 1238; x_wconf 90' lang='lat' dir='ltr'>sed</span> <span class='ocrx_word' id='word_1_109' title='bbox 667 1188 752 1240; x_wconf 91' lang='lat' dir='ltr'>menti</span> <span class='ocrx_word' id='word_1_110' title='bbox 764 1187 949 1255; x_wconf 86' lang='lat' dir='ltr'>atqueanimo</span> 
     </span>
     <span class='ocr_line' id='line_1_16' title="bbox 106 1260 949 1329; baseline 0.001 -15"><span class='ocrx_word' id='word_1_111' title='bbox 106 1261 191 1314; x_wconf 89' lang='lat' dir='ltr'>multo</span> <span class='ocrx_word' id='word_1_112' title='bbox 209 1261 311 1328; x_wconf 76' lang='lat' dir='ltr'>magis3</span> <span class='ocrx_word' id='word_1_113' title='bbox 329 1277 391 1314; x_wconf 89' lang='lat' dir='ltr'>nam</span> <span class='ocrx_word' id='word_1_114' title='bbox 409 1260 476 1313; x_wconf 87' lang='lat' dir='ltr'>haec</span> <span class='ocrx_word' id='word_1_115' title='bbox 494 1277 610 1328; x_wconf 89' lang='lat' dir='ltr'>quoque,</span> <span class='ocrx_word' id='word_1_116' title='bbox 627 1261 680 1314; x_wconf 94' lang='lat' dir='ltr'>nisi</span> <span class='ocrx_word' id='word_1_117' title='bbox 697 1265 837 1329; x_wconf 89' lang='lat' dir='ltr'>tamquam</span> <span class='ocrx_word' id='word_1_118' title='bbox 854 1262 949 1315; x_wconf 90' lang='lat' dir='ltr'>lumini</span> 
     </span>
     <span class='ocr_line' id='line_1_17' title="bbox 106 1337 949 1406; baseline 0.002 -18"><span class='ocrx_word' id='word_1_119' title='bbox 106 1337 194 1390; x_wconf 86' lang='lat' dir='ltr'>oleum</span> <span class='ocrx_word' id='word_1_120' title='bbox 218 1337 338 1402; x_wconf 85' lang='lat' dir='ltr'>instillcs,</span> <span class='ocrx_word' id='word_1_121' title='bbox 363 1337 574 1401; x_wconf 75' lang='lat' dir='ltr'>exstinguuntur</span> <span class='ocrx_word' id='word_1_122' title='bbox 594 1341 742 1390; x_wconf 87' lang='lat' dir='ltr'>senectute.</span> <span class='ocrx_word' id='word_1_123' title='bbox 779 1337 815 1390; x_wconf 77' lang='lat' dir='ltr'>Iit</span> <span class='ocrx_word' id='word_1_124' title='bbox 837 1354 949 1406; x_wconf 82' lang='lat' dir='ltr'>corpora</span> 
     </span>
     <span class='ocr_line' id='line_1_18' title="bbox 107 1411 950 1480; baseline 0.006 -17"><span class='ocrx_word' id='word_1_125' title='bbox 107 1411 217 1480; x_wconf 90' lang='lat' dir='ltr'>quidem</span> <span class='ocrx_word' id='word_1_126' title='bbox 238 1411 432 1466; x_wconf 80' lang='lat' dir='ltr'>exercitatione</span> <span class='ocrx_word' id='word_1_127' title='bbox 452 1411 657 1480; x_wconf 83' lang='lat' dir='ltr'>ingravescunt:</span> <span class='ocrx_word' id='word_1_128' title='bbox 677 1413 759 1465; x_wconf 88' lang='lat' dir='ltr'>animi</span> <span class='ocrx_word' id='word_1_129' title='bbox 795 1414 888 1466; x_wconf 89' lang='lat' dir='ltr'>autem</span> <span class='ocrx_word' id='word_1_130' title='bbox 920 1431 950 1468; x_wconf 86' lang='lat' dir='ltr'>se</span> 
     </span>
     <span class='ocr_line' id='line_1_19' title="bbox 107 1486 785 1555; baseline 0 -15"><span class='ocrx_word' id='word_1_131' title='bbox 107 1488 257 1541; x_wconf 88' lang='lat' dir='ltr'>exercendo</span> <span class='ocrx_word' id='word_1_132' title='bbox 269 1486 399 1541; x_wconf 84' lang='lat' dir='ltr'>levantur.</span> <span class='ocrx_word' id='word_1_133' title='bbox 435 1486 507 1540; x_wconf 83' lang='lat' dir='ltr'>Nam</span> <span class='ocrx_word' id='word_1_134' title='bbox 519 1503 588 1555; x_wconf 92' lang='lat' dir='ltr'>quos</span> <span class='ocrx_word' id='word_1_135' title='bbox 599 1488 639 1541; x_wconf 92' lang='lat' dir='ltr'>ait</span> <span class='ocrx_word' id='word_1_136' title='bbox 651 1487 785 1541; x_wconf 79' lang='lat' dir='ltr'>Caecilius</span> 
     </span>
     <span class='ocr_line' id='line_1_20' title="bbox 332 1564 703 1623; baseline 0.003 -13"><span class='ocrx_word' id='word_1_137' title='bbox 332 1565 501 1610; x_wconf 88' lang='lat' dir='ltr'>——comicos</span> <span class='ocrx_word' id='word_1_138' title='bbox 519 1564 609 1611; x_wconf 86' lang='lat' dir='ltr'>stultos</span> <span class='ocrx_word' id='word_1_139' title='bbox 626 1580 703 1623; x_wconf 85' lang='lat' dir='ltr'>senes,</span> 
     </span>
    </p>

    <p class='ocr_par' dir='ltr' id='par_1_3' title="bbox 106 1640 1007 3220">
     <span class='ocr_line' id='line_1_21' title="bbox 106 1640 951 1710; baseline 0.002 -18"><span class='ocrx_word' id='word_1_140' title='bbox 106 1640 156 1694; x_wconf 89' lang='lat' dir='ltr'>hos</span> <span class='ocrx_word' id='word_1_141' title='bbox 168 1641 303 1709; x_wconf 81' lang='lat' dir='ltr'>significat</span> <span class='ocrx_word' id='word_1_142' title='bbox 319 1640 450 1706; x_wconf 91' lang='lat' dir='ltr'>credulos,</span> <span class='ocrx_word' id='word_1_143' title='bbox 463 1640 613 1706; x_wconf 79' lang='lat' dir='ltr'>obliviosos,</span> <span class='ocrx_word' id='word_1_144' title='bbox 625 1640 786 1706; x_wconf 82' lang='lat' dir='ltr'>dissolutos3</span> <span class='ocrx_word' id='word_1_145' title='bbox 803 1659 873 1710; x_wconf 89' lang='lat' dir='ltr'>quae</span> <span class='ocrx_word' id='word_1_146' title='bbox 884 1642 951 1695; x_wconf 87' lang='lat' dir='ltr'>vitia</span> 
     </span>
     <span class='ocr_line' id='line_1_22' title="bbox 108 1715 952 1785; baseline 0.001 -15"><span class='ocrx_word' id='word_1_147' title='bbox 108 1723 171 1770; x_wconf 92' lang='lat' dir='ltr'>sunt</span> <span class='ocrx_word' id='word_1_148' title='bbox 187 1734 241 1769; x_wconf 94' lang='lat' dir='ltr'>non</span> <span class='ocrx_word' id='word_1_149' title='bbox 259 1716 414 1781; x_wconf 90' lang='lat' dir='ltr'>senectutis,</span> <span class='ocrx_word' id='word_1_150' title='bbox 434 1715 483 1769; x_wconf 84' lang='lat' dir='ltr'>sed</span> <span class='ocrx_word' id='word_1_151' title='bbox 495 1715 599 1780; x_wconf 87' lang='lat' dir='ltr'>inertis,</span> <span class='ocrx_word' id='word_1_152' title='bbox 617 1716 738 1785; x_wconf 82' lang='lat' dir='ltr'>ignavae,</span> <span class='ocrx_word' id='word_1_153' title='bbox 757 1719 952 1771; x_wconf 89' lang='lat' dir='ltr'>somniculosae</span> 
     </span>
     <span class='ocr_line' id='line_1_23' title="bbox 108 1792 951 1861; baseline 0.001 -15"><span class='ocrx_word' id='word_1_154' title='bbox 108 1792 263 1857; x_wconf 82' lang='lat' dir='ltr'>senectutis.</span> <span class='ocrx_word' id='word_1_155' title='bbox 299 1792 339 1845; x_wconf 90' lang='lat' dir='ltr'>Ut</span> <span class='ocrx_word' id='word_1_156' title='bbox 357 1792 516 1859; x_wconf 85' lang='lat' dir='ltr'>petulantia,</span> <span class='ocrx_word' id='word_1_157' title='bbox 534 1796 567 1845; x_wconf 92' lang='lat' dir='ltr'>ut</span> <span class='ocrx_word' id='word_1_158' title='bbox 582 1792 666 1845; x_wconf 88' lang='lat' dir='ltr'>libido</span> <span class='ocrx_word' id='word_1_159' title='bbox 684 1794 771 1861; x_wconf 84' lang='lat' dir='ltr'>magis</span> <span class='ocrx_word' id='word_1_160' title='bbox 789 1798 832 1847; x_wconf 89' lang='lat' dir='ltr'>cst</span> <span class='ocrx_word' id='word_1_161' title='bbox 848 1795 951 1847; x_wconf 90' lang='lat' dir='ltr'>adolos-</span> 
     </span>
     <span class='ocr_line' id='line_1_24' title="bbox 108 1868 951 1935; baseline 0.004 -15"><span class='ocrx_word' id='word_1_162' title='bbox 108 1868 226 1922; x_wconf 87' lang='lat' dir='ltr'>centium</span> <span class='ocrx_word' id='word_1_163' title='bbox 248 1884 330 1935; x_wconf 87' lang='lat' dir='ltr'>quam</span> <span class='ocrx_word' id='word_1_164' title='bbox 353 1884 455 1934; x_wconf 87' lang='lat' dir='ltr'>senum,</span> <span class='ocrx_word' id='word_1_165' title='bbox 474 1883 524 1920; x_wconf 88' lang='lat' dir='ltr'>nec</span> <span class='ocrx_word' id='word_1_166' title='bbox 545 1872 637 1921; x_wconf 89' lang='lat' dir='ltr'>tamen</span> <span class='ocrx_word' id='word_1_167' title='bbox 660 1870 779 1921; x_wconf 91' lang='lat' dir='ltr'>omnium</span> <span class='ocrx_word' id='word_1_168' title='bbox 798 1869 951 1923; x_wconf 89' lang='lat' dir='ltr'>adolescen-</span> 
     </span>
     <span class='ocr_line' id='line_1_25' title="bbox 107 1942 952 2013; baseline 0.004 -18"><span class='ocrx_word' id='word_1_169' title='bbox 107 1943 184 2009; x_wconf 88' lang='lat' dir='ltr'>tium,</span> <span class='ocrx_word' id='word_1_170' title='bbox 197 1942 245 1995; x_wconf 88' lang='lat' dir='ltr'>sed</span> <span class='ocrx_word' id='word_1_171' title='bbox 257 1959 310 1995; x_wconf 91' lang='lat' dir='ltr'>non</span> <span class='ocrx_word' id='word_1_172' title='bbox 322 1942 482 2010; x_wconf 86' lang='lat' dir='ltr'>probomm;</span> <span class='ocrx_word' id='word_1_173' title='bbox 501 1944 539 1995; x_wconf 92' lang='lat' dir='ltr'>sic</span> <span class='ocrx_word' id='word_1_174' title='bbox 557 1944 611 1996; x_wconf 76' lang='lat' dir='ltr'>ista</span> <span class='ocrx_word' id='word_1_175' title='bbox 629 1944 720 1997; x_wconf 86' lang='lat' dir='ltr'>senilis</span> <span class='ocrx_word' id='word_1_176' title='bbox 738 1945 862 2013; x_wconf 89' lang='lat' dir='ltr'>stultitia,</span> <span class='ocrx_word' id='word_1_177' title='bbox 882 1962 952 2013; x_wconf 90' lang='lat' dir='ltr'>quac</span> 
     </span>
     <span class='ocr_line' id='line_1_26' title="bbox 108 2018 953 2086; baseline 0.001 -16"><span class='ocrx_word' id='word_1_178' title='bbox 108 2018 234 2071; x_wconf 87' lang='lat' dir='ltr'>deliratio</span> <span class='ocrx_word' id='word_1_179' title='bbox 250 2018 381 2086; x_wconf 89' lang='lat' dir='ltr'>appellari</span> <span class='ocrx_word' id='word_1_180' title='bbox 401 2018 478 2085; x_wconf 89' lang='lat' dir='ltr'>solet,</span> <span class='ocrx_word' id='word_1_181' title='bbox 496 2034 591 2071; x_wconf 88' lang='lat' dir='ltr'>senum</span> <span class='ocrx_word' id='word_1_182' title='bbox 610 2019 709 2071; x_wconf 88' lang='lat' dir='ltr'>levium</span> <span class='ocrx_word' id='word_1_183' title='bbox 728 2024 850 2086; x_wconf 77' lang='lat' dir='ltr'>estnon</span> <span class='ocrx_word' id='word_1_184' title='bbox 869 2020 953 2073; x_wconf 90' lang='lat' dir='ltr'>omni-</span> 
     </span>
     <span class='ocr_line' id='line_1_27' title="bbox 108 2093 953 2162; baseline 0.002 -17"><span class='ocrx_word' id='word_1_185' title='bbox 108 2111 162 2146; x_wconf 86' lang='lat' dir='ltr'>um.</span> <span class='ocrx_word' id='word_1_186' title='bbox 199 2097 239 2151; x_wconf 89' lang='grc'>37.</span> <span class='ocrx_word' id='word_1_187' title='bbox 263 2093 399 2158; x_wconf 80' lang='lat' dir='ltr'>Quattuor</span> <span class='ocrx_word' id='word_1_188' title='bbox 420 2093 546 2147; x_wconf 88' lang='lat' dir='ltr'>robustos</span> <span class='ocrx_word' id='word_1_189' title='bbox 566 2093 644 2160; x_wconf 71' lang='lat' dir='ltr'>filios</span> <span class='ocrx_word' id='word_1_190' title='bbox 661 2096 783 2162; x_wconf 89' lang='lat' dir='ltr'>quinque</span> <span class='ocrx_word' id='word_1_191' title='bbox 801 2096 876 2160; x_wconf 80' lang='lat' dir='ltr'>filias,</span> <span class='ocrx_word' id='word_1_192' title='bbox 893 2098 953 2148; x_wconf 86' lang='lat' dir='ltr'>tan-</span> 
     </span>
     <span class='ocr_line' id='line_1_28' title="bbox 108 2169 953 2246; baseline 0 -23"><span class='ocrx_word' id='word_1_193' title='bbox 108 2173 165 2223; x_wconf 86' lang='lat' dir='ltr'>tam</span> <span class='ocrx_word' id='word_1_194' title='bbox 177 2169 295 2237; x_wconf 90' lang='lat' dir='ltr'>domum,</span> <span class='ocrx_word' id='word_1_195' title='bbox 311 2172 402 2223; x_wconf 86' lang='lat' dir='ltr'>tantas</span> <span class='ocrx_word' id='word_1_196' title='bbox 420 2169 560 2222; x_wconf 89' lang='lat' dir='ltr'>clientelas</span> <span class='ocrx_word' id='word_1_197' title='bbox 573 2170 680 2237; x_wconf 86' lang='lat' dir='ltr'>Appius</span> <span class='ocrx_word' id='word_1_198' title='bbox 691 2170 805 2246; x_wconf 79' lang='lat' dir='ltr'>¹regebat</span> <span class='ocrx_word' id='word_1_199' title='bbox 817 2174 846 2223; x_wconf 90' lang='lat' dir='ltr'>et</span> <span class='ocrx_word' id='word_1_200' title='bbox 857 2186 953 2223; x_wconf 88' lang='lat' dir='ltr'>caecus</span> 
     </span>
     <span class='ocr_line' id='line_1_29' title="bbox 109 2243 952 2314; baseline -0.001 -15"><span class='ocrx_word' id='word_1_201' title='bbox 109 2248 138 2299; x_wconf 91' lang='lat' dir='ltr'>et</span> <span class='ocrx_word' id='word_1_202' title='bbox 161 2262 251 2299; x_wconf 85' lang='lat' dir='ltr'>senex.</span> <span class='ocrx_word' id='word_1_203' title='bbox 295 2245 437 2299; x_wconf 84' lang='lat' dir='ltr'>intentum</span> <span class='ocrx_word' id='word_1_204' title='bbox 461 2243 533 2298; x_wconf 90' lang='lat' dir='ltr'>enim</span> <span class='ocrx_word' id='word_1_205' title='bbox 556 2243 675 2297; x_wconf 92' lang='lat' dir='ltr'>animum</span> <span class='ocrx_word' id='word_1_206' title='bbox 698 2249 837 2314; x_wconf 87' lang='lat' dir='ltr'>tamquam</span> <span class='ocrx_word' id='word_1_207' title='bbox 860 2262 952 2299; x_wconf 87' lang='lat' dir='ltr'>arcum</span> 
     </span>
     <span class='ocr_line' id='line_1_30' title="bbox 109 2319 952 2388; baseline 0 -15"><span class='ocrx_word' id='word_1_208' title='bbox 109 2320 234 2388; x_wconf 89' lang='lat' dir='ltr'>habebat,</span> <span class='ocrx_word' id='word_1_209' title='bbox 247 2338 297 2375; x_wconf 88' lang='lat' dir='ltr'>nec</span> <span class='ocrx_word' id='word_1_210' title='bbox 308 2321 485 2388; x_wconf 78' lang='lat' dir='ltr'>languescens</span> <span class='ocrx_word' id='word_1_211' title='bbox 497 2319 690 2373; x_wconf 90' lang='lat' dir='ltr'>succumbebat</span> <span class='ocrx_word' id='word_1_212' title='bbox 701 2321 841 2375; x_wconf 89' lang='lat' dir='ltr'>senectuti.</span> <span class='ocrx_word' id='word_1_213' title='bbox 869 2321 952 2374; x_wconf 82' lang='lat' dir='ltr'>Tene-</span> 
     </span>
     <span class='ocr_line' id='line_1_31' title="bbox 108 2394 953 2464; baseline -0.002 -14"><span class='ocrx_word' id='word_1_214' title='bbox 108 2396 158 2450; x_wconf 91' lang='lat' dir='ltr'>bat</span> <span class='ocrx_word' id='word_1_215' title='bbox 181 2414 234 2450; x_wconf 91' lang='lat' dir='ltr'>non</span> <span class='ocrx_word' id='word_1_216' title='bbox 257 2396 338 2450; x_wconf 90' lang='lat' dir='ltr'>modo</span> <span class='ocrx_word' id='word_1_217' title='bbox 360 2394 561 2462; x_wconf 88' lang='lat' dir='ltr'>auctoritatem,</span> <span class='ocrx_word' id='word_1_218' title='bbox 586 2394 636 2447; x_wconf 92' lang='lat' dir='ltr'>sed</span> <span class='ocrx_word' id='word_1_219' title='bbox 661 2395 743 2448; x_wconf 89' lang='lat' dir='ltr'>etiam</span> <span class='ocrx_word' id='word_1_220' title='bbox 763 2396 907 2464; x_wconf 90' lang='lat' dir='ltr'>imperium</span> <span class='ocrx_word' id='word_1_221' title='bbox 926 2396 953 2448; x_wconf 92' lang='lat' dir='ltr'>in</span> 
     </span>
     <span class='ocr_line' id='line_1_32' title="bbox 110 2470 955 2538; baseline -0.004 -12"><span class='ocrx_word' id='word_1_222' title='bbox 110 2488 185 2527; x_wconf 81' lang='lat' dir='ltr'>suos:</span> <span class='ocrx_word' id='word_1_223' title='bbox 203 2472 362 2526; x_wconf 88' lang='lat' dir='ltr'>metuebant</span> <span class='ocrx_word' id='word_1_224' title='bbox 380 2471 459 2534; x_wconf 90' lang='lat' dir='ltr'>servi,</span> <span class='ocrx_word' id='word_1_225' title='bbox 473 2470 639 2523; x_wconf 80' lang='lat' dir='ltr'>verebantur</span> <span class='ocrx_word' id='word_1_226' title='bbox 655 2470 743 2538; x_wconf 90' lang='lat' dir='ltr'>liberi,</span> <span class='ocrx_word' id='word_1_227' title='bbox 755 2487 847 2524; x_wconf 87' lang='lat' dir='ltr'>carum</span> <span class='ocrx_word' id='word_1_228' title='bbox 861 2488 955 2523; x_wconf 91' lang='lat' dir='ltr'>omnes</span> 
     </span>
     <span class='ocr_line' id='line_1_33' title="bbox 109 2545 955 2614; baseline -0.002 -13"><span class='ocrx_word' id='word_1_229' title='bbox 109 2548 260 2602; x_wconf 85' lang='lat' dir='ltr'>habebant:</span> <span class='ocrx_word' id='word_1_230' title='bbox 277 2546 387 2614; x_wconf 87' lang='lat' dir='ltr'>vigebat</span> <span class='ocrx_word' id='word_1_231' title='bbox 404 2548 431 2599; x_wconf 91' lang='lat' dir='ltr'>in</span> <span class='ocrx_word' id='word_1_232' title='bbox 448 2545 495 2599; x_wconf 85' lang='lat' dir='ltr'>illa</span> <span class='ocrx_word' id='word_1_233' title='bbox 518 2545 599 2598; x_wconf 91' lang='lat' dir='ltr'>domo</span> <span class='ocrx_word' id='word_1_234' title='bbox 622 2562 680 2599; x_wconf 89' lang='lat' dir='ltr'>mos</span> <span class='ocrx_word' id='word_1_235' title='bbox 700 2548 806 2614; x_wconf 87' lang='lat' dir='ltr'>patrius</span> <span class='ocrx_word' id='word_1_236' title='bbox 828 2550 858 2600; x_wconf 91' lang='lat' dir='ltr'>et</span> <span class='ocrx_word' id='word_1_237' title='bbox 876 2547 955 2600; x_wconf 89' lang='lat' dir='ltr'>disci-</span> 
     </span>
     <span class='ocr_line' id='line_1_34' title="bbox 109 2619 956 2692; baseline -0.002 -15"><span class='ocrx_word' id='word_1_238' title='bbox 109 2623 189 2692; x_wconf 87' lang='lat' dir='ltr'>plina</span> <span class='ocrx_word' id='word_1_239' title='bbox 226 2628 266 2677; x_wconf 83' lang='lat'>38.</span> <span class='ocrx_word' id='word_1_240' title='bbox 297 2621 343 2675; x_wconf 90' lang='lat' dir='ltr'>Ita</span> <span class='ocrx_word' id='word_1_241' title='bbox 366 2622 438 2675; x_wconf 88' lang='lat' dir='ltr'>enim</span> <span class='ocrx_word' id='word_1_242' title='bbox 463 2625 589 2674; x_wconf 86' lang='lat' dir='ltr'>senectus</span> <span class='ocrx_word' id='word_1_243' title='bbox 609 2619 723 2674; x_wconf 90' lang='lat' dir='ltr'>honesta</span> <span class='ocrx_word' id='word_1_244' title='bbox 742 2624 785 2674; x_wconf 88' lang='lat' dir='ltr'>est</span> <span class='ocrx_word' id='word_1_245' title='bbox 803 2622 826 2674; x_wconf 91' lang='lat' dir='ltr'>si</span> <span class='ocrx_word' id='word_1_246' title='bbox 847 2622 956 2690; x_wconf 87' lang='lat' dir='ltr'>seipsa</span> 
     </span>
     <span class='ocr_line' id='line_1_35' title="bbox 110 2696 956 2765; baseline 0 -14"><span class='ocrx_word' id='word_1_247' title='bbox 110 2698 241 2765; x_wconf 86' lang='lat' dir='ltr'>defendit,</span> <span class='ocrx_word' id='word_1_248' title='bbox 260 2697 282 2749; x_wconf 89' lang='lat' dir='ltr'>si</span> <span class='ocrx_word' id='word_1_249' title='bbox 294 2696 342 2765; x_wconf 87' lang='lat' dir='ltr'>jus</span> <span class='ocrx_word' id='word_1_250' title='bbox 358 2714 436 2750; x_wconf 91' lang='lat' dir='ltr'>suum</span> <span class='ocrx_word' id='word_1_251' title='bbox 453 2696 560 2762; x_wconf 89' lang='lat' dir='ltr'>retinet,</span> <span class='ocrx_word' id='word_1_252' title='bbox 576 2696 599 2748; x_wconf 91' lang='lat' dir='ltr'>si</span> <span class='ocrx_word' id='word_1_253' title='bbox 616 2696 718 2749; x_wconf 87' lang='lat' dir='ltr'>nemini</span> <span class='ocrx_word' id='word_1_254' title='bbox 736 2698 890 2765; x_wconf 88' lang='lat' dir='ltr'>mancipata</span> <span class='ocrx_word' id='word_1_255' title='bbox 906 2701 956 2765; x_wconf 89' lang='lat' dir='ltr'>est,</span> 
     </span>
     <span class='ocr_line' id='line_1_36' title="bbox 111 2769 957 2841; baseline -0.002 -14"><span class='ocrx_word' id='word_1_256' title='bbox 111 2774 133 2827; x_wconf 90' lang='lat' dir='ltr'>si</span> <span class='ocrx_word' id='word_1_257' title='bbox 151 2790 238 2841; x_wconf 87' lang='lat' dir='ltr'>usque</span> <span class='ocrx_word' id='word_1_258' title='bbox 254 2772 290 2825; x_wconf 89' lang='lat' dir='ltr'>ad</span> <span class='ocrx_word' id='word_1_259' title='bbox 306 2772 432 2825; x_wconf 91' lang='lat' dir='ltr'>ultimum</span> <span class='ocrx_word' id='word_1_260' title='bbox 449 2772 576 2839; x_wconf 88' lang='lat' dir='ltr'>spiritum</span> <span class='ocrx_word' id='word_1_261' title='bbox 591 2769 747 2823; x_wconf 89' lang='lat' dir='ltr'>dominatur</span> <span class='ocrx_word' id='word_1_262' title='bbox 764 2772 792 2825; x_wconf 92' lang='lat' dir='ltr'>in</span> <span class='ocrx_word' id='word_1_263' title='bbox 811 2788 879 2827; x_wconf 91' lang='lat' dir='ltr'>suos.</span> <span class='ocrx_word' id='word_1_264' title='bbox 916 2773 957 2825; x_wconf 88' lang='lat' dir='ltr'>Ut</span> 
     </span>
     <span class='ocr_line' id='line_1_37' title="bbox 111 2845 955 2915; baseline -0.002 -14"><span class='ocrx_word' id='word_1_265' title='bbox 111 2848 182 2902; x_wconf 89' lang='lat' dir='ltr'>enim</span> <span class='ocrx_word' id='word_1_266' title='bbox 197 2848 398 2901; x_wconf 90' lang='lat' dir='ltr'>adolescentem</span> <span class='ocrx_word' id='word_1_267' title='bbox 418 2848 446 2899; x_wconf 92' lang='lat' dir='ltr'>in</span> <span class='ocrx_word' id='word_1_268' title='bbox 465 2863 518 2915; x_wconf 90' lang='lat' dir='ltr'>quo</span> <span class='ocrx_word' id='word_1_269' title='bbox 535 2845 620 2899; x_wconf 89' lang='lat' dir='ltr'>senile</span> <span class='ocrx_word' id='word_1_270' title='bbox 632 2846 743 2913; x_wconf 85' lang='lat' dir='ltr'>aliquid,</span> <span class='ocrx_word' id='word_1_271' title='bbox 761 2847 800 2899; x_wconf 92' lang='lat' dir='ltr'>sic</span> <span class='ocrx_word' id='word_1_272' title='bbox 817 2863 910 2901; x_wconf 90' lang='lat' dir='ltr'>senem</span> <span class='ocrx_word' id='word_1_273' title='bbox 927 2848 955 2900; x_wconf 94' lang='lat' dir='ltr'>in</span> 
     </span>
     <span class='ocr_line' id='line_1_38' title="bbox 111 2918 957 2992; baseline -0.001 -16"><span class='ocrx_word' id='word_1_274' title='bbox 111 2939 165 2992; x_wconf 90' lang='lat' dir='ltr'>qno</span> <span class='ocrx_word' id='word_1_275' title='bbox 181 2927 224 2977; x_wconf 87' lang='lat' dir='ltr'>est</span> <span class='ocrx_word' id='word_1_276' title='bbox 240 2922 344 2990; x_wconf 88' lang='lat' dir='ltr'>aliquid</span> <span class='ocrx_word' id='word_1_277' title='bbox 361 2921 542 2976; x_wconf 85' lang='lat' dir='ltr'>adolescentis</span> <span class='ocrx_word' id='word_1_278' title='bbox 556 2918 657 2989; x_wconf 88' lang='lat' dir='ltr'>probo;</span> <span class='ocrx_word' id='word_1_279' title='bbox 676 2921 750 2988; x_wconf 92' lang='lat' dir='ltr'>quod</span> <span class='ocrx_word' id='word_1_280' title='bbox 766 2922 813 2989; x_wconf 94' lang='lat' dir='ltr'>qui</span> <span class='ocrx_word' id='word_1_281' title='bbox 833 2923 957 2989; x_wconf 90' lang='lat' dir='ltr'>sequitur</span> 
     </span>
     <span class='ocr_line' id='line_1_39' title="bbox 111 2996 957 3067; baseline -0.001 -16"><span class='ocrx_word' id='word_1_282' title='bbox 111 3013 224 3067; x_wconf 88' lang='lat' dir='ltr'>corpore</span> <span class='ocrx_word' id='word_1_283' title='bbox 236 3014 319 3051; x_wconf 85' lang='lat' dir='ltr'>senex</span> <span class='ocrx_word' id='word_1_284' title='bbox 331 3014 390 3051; x_wconf 89' lang='lat' dir='ltr'>esse</span> <span class='ocrx_word' id='word_1_285' title='bbox 401 2997 512 3067; x_wconf 86' lang='lat' dir='ltr'>poterit,</span> <span class='ocrx_word' id='word_1_286' title='bbox 525 2996 615 3049; x_wconf 90' lang='lat' dir='ltr'>animo</span> <span class='ocrx_word' id='word_1_287' title='bbox 626 3011 765 3062; x_wconf 85' lang='lat' dir='ltr'>nunquam</span> <span class='ocrx_word' id='word_1_288' title='bbox 777 2997 839 3050; x_wconf 87' lang='lat' dir='ltr'>erit</span> <span class='ocrx_word' id='word_1_289' title='bbox 867 2999 957 3066; x_wconf 77' lang='lat' dir='ltr'>Septi-</span> 
     </span>
     <span class='ocr_line' id='line_1_40' title="bbox 111 3070 957 3141; baseline -0.002 -14"><span class='ocrx_word' id='word_1_290' title='bbox 111 3090 172 3127; x_wconf 91' lang='lat' dir='ltr'>mus</span> <span class='ocrx_word' id='word_1_291' title='bbox 190 3073 257 3127; x_wconf 89' lang='lat' dir='ltr'>mibi</span> <span class='ocrx_word' id='word_1_292' title='bbox 273 3073 413 3141; x_wconf 83' lang='lat' dir='ltr'>Originum</span> <span class='ocrx_word' id='word_1_293' title='bbox 431 3072 501 3125; x_wconf 90' lang='lat' dir='ltr'>liber</span> <span class='ocrx_word' id='word_1_294' title='bbox 518 3074 561 3125; x_wconf 89' lang='lat' dir='ltr'>est</span> <span class='ocrx_word' id='word_1_295' title='bbox 577 3071 607 3122; x_wconf 94' lang='lat' dir='ltr'>in</span> <span class='ocrx_word' id='word_1_296' title='bbox 624 3070 762 3122; x_wconf 88' lang='lat' dir='ltr'>manibus:</span> <span class='ocrx_word' id='word_1_297' title='bbox 781 3071 871 3124; x_wconf 87' lang='lat' dir='ltr'>omnia</span> <span class='ocrx_word' id='word_1_298' title='bbox 888 3074 957 3127; x_wconf 89' lang='lat' dir='ltr'>anti-</span> 
     </span>
     <span class='ocr_line' id='line_1_41' title="bbox 112 3143 1007 3220; baseline -0.002 -17"><span class='ocrx_word' id='word_1_299' title='bbox 112 3150 226 3217; x_wconf 87' lang='lat' dir='ltr'>quitatis</span> <span class='ocrx_word' id='word_1_300' title='bbox 242 3154 415 3202; x_wconf 82' lang='lat' dir='ltr'>mmmmcuta</span> <span class='ocrx_word' id='word_1_301' title='bbox 427 3148 536 3214; x_wconf 76' lang='lat' dir='ltr'>colligo:</span> <span class='ocrx_word' id='word_1_302' title='bbox 554 3160 695 3199; x_wconf 86' lang='lat' dir='ltr'>causarum</span> <span class='ocrx_word' id='word_1_303' title='bbox 714 3143 860 3199; x_wconf 88' lang='lat' dir='ltr'>illustrium</span> <span class='ocrx_word' id='word_1_304' title='bbox 878 3164 958 3213; x_wconf 86' lang='lat' dir='ltr'>quas-</span> <span class='ocrx_word' id='word_1_305' title='bbox 1002 3214 1007 3220; x_wconf 18' lang='grc' dir='ltr'>ὁ</span> 
     </span>
    </p>
   </div>
   <div class='ocr_carea' id='block_1_3' title="bbox 0 0 1116 3450">
    <p class='ocr_par' dir='ltr' id='par_1_4' title="bbox 0 0 1116 3450">
     <span class='ocr_line' id='line_1_42' title="bbox 0 0 1116 3450; baseline 0 0"><span class='ocrx_word' id='word_1_306' title='bbox 0 0 1116 3450; x_wconf 95' lang='lat' dir='ltr'> </span> 
     </span>
    </p>
   </div>
  </div>
 </body>
</html>
