2200 3450
108 133 122 176 8
339 129 375 178 M.
394 127 519 178 TULLII
536 126 725 177 CICERONIS

107 211 191 264 ctiam
206 210 313 280 privata
327 213 357 264 et
371 210 470 280 quieta.
507 209 652 278 Sophocles
667 207 705 262 ad
719 222 853 261 summam
865 224 959 266 senec

109 291 153 340 tut
154 303 198 339 em
216 285 372 352 tragoedias
398 285 471 338 feeit:
451 286 572 352 tquod
596 287 711 353 propter
722 275 849 337 studium
869 291 957 352 quum

103 377 167 414 rem
187 360 325 428 negligere
343 360 503 413 familiarem
516 361 664 427 riderffetur
675 359 788 412 afiliis
780 377 808 411 ιιι
818 359 957 426 judicium

109 439 219 490 vocatus
237 439 336 502 estut,
354 434 583 502 quemadmodum
601 451 650 487 nos
651 439 695 488 tro
712 451 788 488 more
806 435 876 488 nrale
895 452 956 489 rem

109 511 267 579 gerentibus
279 509 402 578 patribus
415 509 492 563 bonis
504 510 631 564 interdici
648 510 726 576 solet,
739 511 777 563 sie
789 510 863 563 illum
876 511 957 578 quasi

110 586 289 654 desipientem
309 603 326 638 a
344 603 374 639 re
395 585 520 638 familiari
541 589 714 639 removerent
733 585 848 651 judices
885 586 963 640 'lum‘

110 679 193 716 senex
206 662 305 733 dieitur
317 678 377 714 eam
393 660 513 714 fabulam
526 677 607 730 quam
619 662 648 714 in
660 661 783 714 manibus
795 660 914 714 babebat
925 668 958 714 ct

110 738 233 806 proxime
250 739 403 806 scripserat,
418 737 554 805 Oedipum
567 737 721 803 Coloneum,
740 739 867 790 recitasse
881 736 958 803 judi-

109 813 186 867 cibus
200 813 400 882 quaesisseque,
417 829 481 865 num
497 812 566 866 illud
581 829 690 866 carmen
706 813 865 879 desipientis
880 812 958 865 vide-

110 893 194 943 retur.
231 889 290 952 Quo
308 889 424 944 recitato
444 888 587 942 sententiis
605 888 730 957 judicum
749 892 792 942 cst
816 887 956 955 liberatus.

111 969 152 1019 23.
174 965 247 1018 Num
262 964 347 1032 igitur
360 963 439 1038 hune,
456 981 521 1018 num
539 965 698 1032 Homerum,
713 981 778 1017 num
795 963 956 1027 llesiodum,

111 1056 176 1092 num
189 1039 362 1108 Simonidem,
374 1057 439 1093 num
453 1041 645 1104 Stesichorum,
656 1056 722 1093 num
735 1056 803 1108 quos
814 1044 877 1092 ante
889 1039 956 1104 dixi,

113 1115 269 1182 Isocratem,
282 1116 417 1183 Gorgiam,
431 1133 496 1169 num
512 1115 733 1189 philosophorum
749 1116 891 1184 principes,
905 1115 957 1182 1¹5-

111 1189 259 1258 thagoram,
277 1191 470 1257 Democritum,
489 1208 554 1244 num
572 1191 720 1259 Platonem,
738 1208 803 1245 num
820 1191 957 1244 Xenocra-

113 1269 176 1332 tem,
193 1282 257 1318 num
274 1269 371 1334 postea
387 1267 530 1333 Zenonem,
548 1267 714 1335 Cleanthem,
730 1272 778 1321 aut
796 1285 858 1320 eum
874 1283 956 1334 quem

111 1357 159 1394 vos
175 1341 258 1394 etiam
271 1341 379 1395 vidistis
392 1342 501 1409 Romae,
514 1342 665 1410 Diogenem
682 1342 810 1407 Stoicum,
823 1343 912 1410 coegit
927 1343 956 1394 in

112 1415 285 1470 suis'studiis
304 1417 492 1472 obmutescere
511 1422 644 1484 senectus,
668 1434 703 1470 an
726 1418 755 1470 in
773 1417 895 1470 omnibus
913 1417 956 1470 his

112 1492 264 1545 studiorum
283 1493 397 1560 agitatio
415 1493 489 1546 vitae
509 1492 631 1561 aequalis
650 1492 721 1546 fuit?
752 1498 803 1551 24.
835 1496 903 1558 Age,
922 1496 956 1566 ut

111 1566 165 1620 ista
177 1568 268 1621 divina
284 1568 374 1622 studia
386 1568 552 1636 omittamus,
563 1584 673 1637 possum
688 1568 829 1622 nominare
841 1584 875 1620 er
889 1583 955 1635 agro

112 1642 211 1696 Sabino
234 1643 350 1696 rusticos
372 1643 516 1711 Romanos,
534 1644 636 1698 vicinos
655 1648 685 1699 et
705 1643 851 1697 familiares
874 1659 955 1707 meos,

112 1717 211 1788 quibus
229 1717 388 1773 absentibus
407 1737 545 1789 nunquam
566 1720 623 1775 scre
641 1719 697 1773 ulla
718 1719 746 1773 in
766 1736 832 1787 agro
853 1718 955 1786 majora

112 1810 196 1863 opera
208 1794 285 1861 fiunt,
297 1811 350 1847 non
363 1794 493 1863 serendis,
504 1813 558 1849 non
574 1795 763 1864 pereipiendis‚
774 1812 826 1847 non
839 1794 955 1847 conden-

112 1870 154 1923 dis
172 1869 313 1924 fruetibus.
350 1871 521 1939 Quamquam
539 1872 567 1924 in
586 1870 646 1923 aliis
665 1871 759 1945 minus
773 1869 824 1923 hoc
843 1870 955 1934 mirum;

13 1968 16 1974 ·
112 1963 192 2000 nemo
204 1946 275 2000 enim
288 1950 330 2001 ost
342 1950 398 2000 tam
411 1963 494 2000 senex
506 1947 553 2016 qui
565 1963 595 2000 se
607 1963 707 1999 annum
721 1962 773 1998 non
785 1950 865 2014 putet
876 1961 955 2013 posse

112 2022 215 2076 vivere:
239 2021 288 2075 sed
303 2021 387 2075 iidem
402 2021 430 2075 in
446 2022 480 2075 iis
495 2021 638 2076 elaborant
650 2038 720 2089 qnae
736 2022 824 2074 sciunt
840 2020 906 2073 nihil
919 2020 954 2073 ad

112 2114 142 2151 se
154 2098 263 2150 omnino
275 2098 425 2165 pertinere:

259 2197 324 2246 Serit
335 2198 432 2245 arbores
444 2212 507 2261 quae
519 2197 589 2245 alteri
600 2198 682 2245 seculo
693 2176 810 2259 prosient,

112 2300 144 2348 ut
158 2295 197 2348 ait
211 2294 316 2349 Statius
330 2297 424 2347 noster
438 2293 466 2345 in
481 2291 655 2359 Synephebis.
692 2297 732 2346 25.
758 2292 784 2344 N
786 2308 817 2345 ee
828 2308 893 2344 vero
907 2293 954 2344 dn-

114 2371 184 2423 bitet
196 2370 313 2438 agricola
322 2368 444 2436 quamvis
457 2383 540 2420 senex
553 2367 694 2435 quaerenti
704 2367 746 2419 eui
760 2370 835 2420 serat
846 2383 954 2434 respon-

113 2446 191 2498 dere:
211 2446 269 2498 biis
281 2442 479 2498 immortalibus
489 2443 535 2510 qui
547 2458 592 2495 me
601 2458 655 2495 non
666 2444 788 2510 accipere
800 2442 880 2495 modo
892 2442 957 2495 haee

113 2538 130 2573 a
142 2520 290 2587 majeribus
302 2519 450 2584 voluerunt,
463 2517 607 2571 sedetiam
619 2518 735 2586 posteris
747 2517 871 2585 prodere.

165 2595 250 2649 Vlll.
269 2594 368 2647 Melius
376 2593 508 2647 Caecilius
520 2592 556 2647 de
568 2609 633 2646 senc
644 2592 723 2646 alteri
735 2592 842 2646 saeculo
854 2591 955 2661 prospi-

113 2673 203 2726 ciente
215 2686 297 2738 quam
309 2669 377 2723 illud
389 2668 476 2723 idem:

210 2774 306 2838 Edepol
316 2779 437 2835 senectus,
451 2790 473 2823 si
465 2774 519 2822 nil
530 2774 665 2838 quidquam
676 2774 744 2821 aliud
755 2775 802 2823 viti

210 2839 335 2901 Apportes
346 2845 437 2899 tecum,
452 2855 529 2902 quum
540 2839 649 2898 advenis,
662 2855 741 2887 unum
752 2837 778 2885 id
789 2842 829 2886 sat
839 2843 878 2886 est

210 2902 282 2960 Quod
293 2903 336 2951 diu
347 2876 452 2952 vivendo
463 2904 543 2952 multa
555 2920 618 2966 quae
629 2919 680 2950 non
691 2902 746 2951 vult
756 2902 832 2950 videt

119 3005 139 3056 l
141 3009 153 3056 t
169 3004 255 3059 multa
269 3007 384 3059 fortasse
398 3021 469 3075 quae
481 3006 554 3059 vult·
548 3004 679 3073 ,atque
671 3021 700 3057 ιιι
714 3003 872 3072 ecquidem
888 3018 956 3072 quae

115 3095 167 3131 non
182 3080 241 3135 auls
229 3086 336 3149 tsaepo
353 3081 435 3135 etiam
452 3081 635 3136 adolescentia
649 3080 771 3135 incurrit
808 3078 883 3132 Illud
894 3094 954 3133 vero

114 3153 188 3208 idcnr
201 3157 221 3210 0
223 3157 384 3211 aceilius‘t
344 3174 370 3210 vr
372 3157 479 3211 tiosius:
