2200 3450
104 194 133 241 m
337 191 374 238 M.
390 189 520 239 ,runnu
536 172 725 239 cressonis

102 275 262 341 potestates,
274 287 340 340 opes
351 269 487 326 amicitiae
502 287 557 325 non
573 273 748 341 anteponant,
762 273 804 340 nt,
819 288 904 340 quum
919 288 955 326 ex
986 287 994 303 ·

102 349 189 403 altera
200 352 280 418 parte
290 347 431 416 proposita
441 346 508 401 haee
520 348 583 416 sint,
596 365 630 402 ex
645 348 734 402 altera
744 347 792 416 jus
808 347 953 418 amicitiae,

102 440 157 477 non
171 424 258 477 multo
273 423 321 477 illa
338 423 453 478 malinti
492 424 634 478 imbecilla
651 424 723 477 enim
740 427 841 478 natura
858 424 954 494 estad

102 499 328 554 contemnendam
357 499 516 568 potentiam,
546 517 628 570 quam
661 502 745 554 etiam
774 501 798 552 si
829 499 954 568 neglecta

103 576 223 630 mnieitia
234 575 370 630 conseo'uti
384 579 454 642 sunt,
467 576 642 631 obscuratum
654 577 689 630 iri
700 576 878 642 arbitrantur,
891 576 955 644 quia

104 669 157 705 non
169 651 227 706 sine
239 659 338 721 mag'na
349 669 430 706 causa
442 652 478 705 sit
494 653 619 722 neglecta
634 652 760 725 amicitia
796 659 836 707 64.
855 653 954 721 ltaque

104 745 185 782 verae
207 729 342 782 amicitiae
367 728 524 783 difficillime
547 729 722 798 reperiuntur
743 730 773 782 in
796 729 830 782 iis
854 729 901 797 qui
926 729 953 781 in

104 804 252 858 honoribus
273 822 358 873 reque
379 805 488 873 publiea
509 809 661 860 versantur.
683 805 753 860 .Ubi
774 806 846 859 enim
869 805 954 858 istum

104 881 224 934 invenias
238 881 285 950 qui
298 881 427 934 honorem
439 882 518 935 amici
531 885 679 951 anteponat
690 885 760 937 suoi
795 881 875 948 Quid,
887 880 954 934 haee

105 963 135 1008 nt
159 957 291 1022 omittam,
319 973 401 1026 quam
426 975 531 1026 graves,
558 974 641 1027 quam
666 957 790 1012 difficiles
815 957 955 1026 plerisque

104 1031 233 1086 videntur
246 1032 431 1087 calamitatum
444 1034 597 1102 societates,
610 1034 646 1086 ad
663 1051 731 1102 quas
746 1051 801 1087 non
817 1036 861 1088 est
876 1031 954 1086 facile

103 1110 216 1162 inventu
227 1109 275 1176 qui
287 1109 451 1164 descendat:
469 1127 633 1179 quamquam
641 1110 749 1163 Ennius
760 1113 852 1164 recte:

259 1187 376 1234 ,Amicus
387 1194 468 1236 certus
480 1189 505 1236 in
516 1205 543 1235 re
554 1189 648 1235 incerta
659 1188 783 1236 cernitur:

104 1268 197 1319 tamen
225 1265 293 1320 haec
322 1265 376 1318 duo
405 1265 526 1320 levitatis
555 1269 585 1319 et
613 1265 781 1318 infirmitatis
809 1265 955 1335 plerosque

105 1341 274 1410 convincunt,
292 1345 340 1394 aut
358 1341 381 1394 si
401 1341 429 1394 in
449 1341 528 1395 bonis
548 1339 632 1395 rebus
652 1343 837 1408 contemnunt,
858 1343 934 1396 aut
925 1359 955 1395 ιιι

105 1418 183 1470 malis
196 1417 334 1471 deserunt.

158 1493 272 1548 XVIII.
286 1491 358 1557 Qui
350 1492 388 1561 igi
389 1492 579 1562 t'urutraque
571 1509 600 1545 1n
609 1509 768 1561 regravem,
777 1453 955 1562 constantem,

105 1569 232 1623 stabilem
254 1585 283 1623 se
303 1569 331 1622 in
353 1569 472 1622 amicitia
491 1568 669 1638 praestiterit,
689 1569 762 1623 huuc
782 1585 818 1622 ex
837 1570 955 1624 maximo

77 1701 78 1706 ,
105 1662 167 1698 raro
179 1645 318 1699 hominum
330 1660 430 1712 genere
437 1643 565 1712 judicare
576 1643 747 1698 debemus
719 1662 749 1697 e
739 1661 847 1713 paene
856 1645 955 1699 divino

105 1728 146 1775 65.
165 1721 380 1775 Firmamentum
393 1728 486 1774 autern
495 1718 660 1775 stabilitatis
662 1720 920 1788 constantiaeque
895 1738 955 1789 ejus

105 1814 187 1865 quam
201 1797 230 1849 in
244 1795 364 1849 amicitia
378 1780 535 1864 quaerimus
550 1796 620 1850 fides
638 1796 688 1851 o'st.
724 1798 749 1849 N
752 1796 830 1848 1hl
815 1815 848 1849 cn
850 1798 888 1849 im
901 1802 955 1851 sto·

90 1873 159 1935 ,bile
183 1876 226 1927 est
250 1871 324 1940 quod
341 1871 463 1925 infidum.
500 1872 655 1962 Simplicem
673 1877 818 1941 praeterea
836 1876 866 1927 et
883 1890 955 1926 eom

106 1966 216 2003 munem
236 1952 265 2002 et
288 1948 503 2009 consentientem
524 1950 572 2018 qui
593 1947 676 2001 rebus
694 1948 792 2002 iisdem
815 1947 956 2004 moveatur

106 2025 169 2093 eligi
192 2028 326 2094 par-est,
350 2040 420 2091 quac
443 2024 533 2077 omnia
555 2024 696 2093 pertinent
721 2025 757 2077 ad
783 2023 948 2079 fidelitatem

109 2102 128 2153 ,ι’
134 2118 205 2170 eque
223 2100 295 2154 onim
314 2100 396 2152 fidum
416 2104 508 2169 potest
526 2116 587 2154 esse
604 2099 748 2168 multiplex
765 2100 905 2167 ingenium
926 2105 955 2155 et

105 2180 276 2240 tortuosum
292 2192 381 2243 neque
398 2192 470 2241 vero,
484 2176 532 2244 qui
547 2192 601 2228 non
617 2175 714 2229 iisdem
731 2175 814 2229 rebus
826 2177 955 2230 'movetur

105 2257 257 2322 naturaque
275 2252 417 2316 consentit,
435 2255 483 2305 aut
500 2251 572 2304 fidus
589 2256 638 2305 aut
656 2251 761 2305 stabilis
778 2255 871 2320 potest
888 2269 955 2307 esse.

108 2329 275 2383 Addendum
291 2328 387 2381 eodem
403 2331 445 2381 est
462 2332 494 2381 ut
511 2345 546 2381 ne
564 2328 724 2381 criminibus
741 2332 790 2381 aut
807 2328 956 2382 inferendis

105 2405 259 2461 delectetur
272 2408 320 2458 aut
334 2405 430 2458 credat
446 2403 552 2471 oblatis,
569 2421 641 2473 quae
657 2404 798 2472 pertinent
813 2405 904 2457 omnia
918 2405 955 2457 nd

105 2499 166 2535 eam
196 2498 277 2550 quam
303 2480 469 2549 jamdudum
497 2484 586 2533 tracto
617 2480 806 2534 constantiam.
842 2481 888 2535 Ita
923 2482 955 2535 fit

106 2575 201 2611 verum
212 2557 280 2611 illud
291 2556 366 2626 quod
380 2556 458 2609 initio
473 2555 538 2622 dixi,
554 2556 701 2610 amicitiam
712 2556 854 2620 vnisiinter
870 2556 955 2608 bonos

105 2651 166 2689 csse
188 2650 243 2687 non
266 2649 353 2703 posse.
391 2632 441 2685 nst
465 2632 537 2685 enim
561 2632 625 2685 boni
649 2632 707 2699 viri,
732 2649 814 2700 quem
837 2632 954 2685 eundem

105 2710 258 2779 sapientem
278 2709 344 2763 lIcet
365 2708 464 2775 dicere,
485 2708 553 2762 haec
573 2708 628 2761 duo
648 2711 744 2762 tenere
767 2708 796 2761 in
818 2708 956 2773 amicitia;
1032 2737 1040 2749 ·

106 2788 232 2857 primum,
253 2802 288 2839 ne
309 2786 376 2854 quid
398 2786 491 2839 fictum
513 2785 549 2838 sii
572 2801 641 2838 neve
665 2784 838 2838 simulatum:
861 2788 956 2853 aperte

1 2906 2 2913 .
106 2862 178 2917 enim
191 2862 233 2915 vel
245 2861 336 2914 odisse
348 2861 434 2929 inagis
446 2860 556 2928 ingenui
568 2864 612 2913 est
624 2877 706 2927 quam
717 2860 808 2913 fronte
819 2860 956 2915 oecultmo

1 2956 2 2959 ¹
106 2938 286 2991 sententiam:
303 2936 408 3004 deinde,
423 2953 476 2989 non
491 2936 578 2990 solum
595 2936 630 2988 ab
647 2935 739 3003 aliquo
755 2935 853 2990 allatas
869 2936 957 2990 crimi-

106 3015 229 3067 nationes
248 3012 388 3081 repellere,
409 3012 459 3066 sed
479 3028 514 3065 no
534 3012 624 3079 ipsum
649 3011 761 3078 quidem
785 3028 845 3065 esse
869 3013 955 3081 suspi-

106 3092 209 3143 ciosum
234 3105 341 3157 semper
363 3088 468 3157 aliquid
494 3088 695 3140 existimantem
721 3086 757 3138 ab
782 3088 869 3141 amico
896 3104 957 3144 esse

108 3166 243 3220 violatum.
279 3171 318 3223 66,
338 3163 462 3217 Accedat
479 3163 532 3215 huc
550 3162 669 3213 suavitas
689 3160 825 3228 quaedam
846 3168 956 3231 oportet

1 3258 3 3267 ’
107 3236 261 3297 sermonum
279 3243 364 3310 atque
380 3254 494 3302 morum,
512 3236 722 3303 haudquaquam
739 3236 878 3291 mediocre
892 3255 955 3293 eon-
