2200 3450
306 139 471 190 LAELIUS.
505 139 584 189 cAP,
602 139 710 188 XVIII.
730 139 808 187 XIX.
957 141 987 186 49

133 219 286 274 dimentum
309 219 453 274 amicitiae.
489 219 615 274 Tristitia
638 224 730 272 auteur
755 224 784 273 et
807 217 836 272 in
860 218 934 272 omni
956 235 989 272 re

133 295 266 350 severitas
286 294 370 348 habet
390 295 437 348 illa
458 295 573 364 quidem
595 295 770 362 grauitatem,
796 294 846 347 sed
868 293 989 348 amicitia

132 371 271 426 remissior
283 387 343 425 esse
356 369 442 424 debet
453 375 483 424 et
495 370 647 428 liberiorct
635 370 774 423 tdulcior
784 374 814 423 et
829 369 866 424 ad
880 385 988 423 omnem

132 449 233 502 comita
235 452 290 500 tem
302 447 418 500 facilitat
406 450 519 534 temque
530 446 683 516 proclivior.

185 523 263 577 XIX.
282 527 322 580 67
340 510 457 576 Exsistit
469 524 563 576 autem
575 522 697 576 hocloco
710 522 844 588 quaedam
862 523 989 592 quaestio

132 599 317 654 subdifficilis:
342 615 408 652 num
429 599 539 667 quando
560 599 641 652 amici
664 599 734 666 nori,
758 598 835 666 digni
859 598 988 662 amicitia,

133 676 273 730 veteribus
296 674 362 730 mut·
374 675 569 745 anteponendi,
592 679 624 728 ut
648 675 727 744 equis
750 673 852 728 vetulis
878 677 989 727 teneros

133 756 299 820 anteponere
318 751 442 805 solemus.
479 751 599 819 Indigna
615 751 726 804 homine
744 747 888 804 dubitatio.
925 749 988 803 Non
1038 772 1043 782 ·

133 827 206 881 enim
233 826 413 881 amicitiarum
440 826 543 880 debent
570 844 631 882 esse
658 827 728 880 sicut
755 826 870 879 aliarum
896 843 988 881 rerum

133 902 283 957 satietates
320 902 480 956 Veterrima
491 919 626 971 quaeque,
640 905 673 956 ut
686 919 721 956 ea
734 901 798 955 vina
811 919 883 971 quae
897 906 988 955 vetus-

133 982 220 1033 tatem
238 979 338 1042 senno,
357 995 418 1032 csse
437 978 541 1032 debent
559 978 732 1032 suavissima:
750 995 902 1046 verumque
919 978 986 1032 illud

133 1058 177 1109 est
189 1055 263 1123 quod
275 1054 385 1121 dieitur,
398 1054 499 1107 multos
512 1054 618 1108 modios
630 1054 694 1107 salis
706 1054 787 1109 simul
797 1055 919 1108 edendos
928 1071 988 1108 esse

132 1133 165 1184 ut
180 1129 317 1183 amicitiae
333 1141 431 1183 munus
446 1130 586 1197 expletum
598 1131 642 1183 sit.
678 1136 720 1185 68.
738 1129 765 1183 N
766 1129 883 1185 oritates
894 1135 987 1185 autem

134 1206 157 1259 si
176 1222 252 1275 spem
271 1201 389 1260 afferunt
407 1209 438 1260 ut
456 1209 598 1274 tamquam
615 1205 645 1258 in
663 1206 757 1259 herbis
773 1222 828 1259 uon
848 1207 988 1260 fallacibus

132 1282 239 1335 fructus
258 1285 396 1350 appareat
415 1298 469 1334 non
490 1284 555 1334 sunt
573 1281 637 1334 illae
660 1281 774 1408 guidem
792 1282 988 1350 repudiandae,

137 1361 260 1412 vetustas
272 1361 365 1410 tamen
377 1374 426 1411 suo
438 1356 497 1410 loeo
511 1373 658 1410 conservan
679 1374 710 1410 a:
726 1357 845 1410 umxima
859 1362 902 1411 est
916 1357 988 1410 enim

133 1433 175 1487 vis
192 1433 340 1487 vetustatis
359 1436 388 1487 et
406 1433 618 1486 consuetudinis.
655 1433 727 1497 Quin
744 1433 805 1501 ipso
822 1449 892 1501 equo
910 1433 988 1501 cujus

133 1509 215 1563 modo
226 1509 393 1563 mentionem
404 1508 464 1576 feci,
476 1508 499 1560 si
512 1507 586 1561 nulla
594 1525 639 1562 res
648 1507 790 1577 impediat,
799 1524 879 1561 nomo
888 1511 932 1562 est
941 1509 988 1576 qui

132 1601 187 1638 non
198 1601 231 1638 oo
243 1601 297 1652 quo
306 1584 446 1640 consuevit
434 1550 589 1638 tlibentius
596 1588 694 1638 utatur
706 1600 788 1653 quam
800 1583 947 1638 intractato
958 1588 988 1639 et

133 1676 220 1715 novo:
233 1659 724 1730 necveminhoequodestenimal‚
740 1660 871 1714 sedin”
853 1676 888 1713 ns
905 1660 988 1714 etiam

134 1754 205 1806 quae
226 1737 316 1790 sunt
309 1737 428 1791 unanima
446 1737 616 1791 consuetudo
634 1736 715 1804 valet,
733 1754 819 1807 quum
835 1736 930 1791 loeis
922 1738 988 1806 ipsis

134 1813 310 1881 delectemur,
324 1813 475 1867 montuosis
494 1812 578 1866 etiam
598 1816 628 1868 ot
647 1812 850 1903 silvestribus,
841 1830 871 1866 ιιι
889 1811 989 1901 quibus

135 1888 204 1942 diut
184 1893 239 1942 trus
263 1888 423 1943 commorati
447 1905 548 1943 sumus.
584 1894 625 1944 69.
650 1889 706 1943 Sed
731 1889 881 1943 maximum
899 1888 967 1943 est'
960 1906 988 1941 ιιι

134 1964 254 2017 amicitia
264 1963 457 2033 [superiorem]
472 1982 568 2034 parem
580 1982 641 2019 esse
657 1965 796 2032 inferiori3
815 1982 905 2034 saepe.
915 1964 989 2019 enim

135 2040 311 2094 excellentiae
319 2040 454 2109 quaedam
462 2044 534 2108 suut,
543 2041 699 2109 qualiserat
708 2041 843 2110 Scipionis
852 2041 989 2107 innostro,

135 2118 167 2169 ut
176 2114 216 2169 itu
223 2114 320 2183 dicam,
329 2132 422 2184 grege.
437 2116 586 2184 Nunquam
596 2133 626 2170 se
635 2116 682 2170 ille
690 2116 776 2181 Philo,
784 2133 923 2186 nunquam
933 2116 989 2169 Ru-

126 2190 209 2260 ¹pilio,
219 2208 359 2261 uunquam
372 2192 505 2246 Mummio
518 2193 838 2261 anteposuitsnunquam
854 2191 990 2245 interioris

135 2266 238 2320 ordinis
261 2266 371 2321 amieis:
396 2266 427 2331 Q.
449 2284 512 2321 vero
537 2267 689 2321 Maximum
707 2267 831 2334 fratrem,
849 2267 988 2335 egregium

134 2341 224 2395 virum
236 2343 352 2411 omnino,
364 2342 416 2396 sibi
428 2358 603 2410 nequaquam
618 2359 720 2411 parom,
737 2342 811 2411 quod
827 2342 852 2395 is
866 2341 991 2395 anteibat

135 2420 228 2471 aetate
238 2421 381 2485 tamquam
393 2417 563 2485 superiorem
575 2417 690 2483 colebat,
703 2434 821 2487 suosque
833 2433 927 2471 omnes
941 2434 991 2485 por

135 2510 165 2547 so
178 2509 240 2547 esse
252 2492 397 2559 ampliores
409 2492 527 2547 volebat.
564 2497 605 2550 70.
623 2492 703 2557 Quod
715 2492 991 2547 faciendum-imitan-

136 2569 258 2636 dumque
270 2571 314 2620 est
326 2566 459 2635 omuibus,
471 2571 510 2633 ιιι,
524 2569 547 2621 si
562 2585 645 2636 quam
659 2569 857 2638 praestantiam
871 2569 990 2637 virtutis,

135 2644 245 2713 ingenii,
271 2644 398 2697 fortunae
425 2644 564 2698 consecuti
590 2647 662 2711 sunt,
689 2644 851 2713 impertiant
876 2662 909 2699 ea
934 2646 991 2699 suis

135 2720 391 2787 communicentque
408 2736 470 2774 cum
487 2720 637 2789 proximis3
653 2723 695 2788 ut,
713 2722 738 2775 si
754 2722 916 2791 parentibus
932 2722 991 2775 uati

136 2795 192 2849 sint
201 2794 364 2862 humilibus,
381 2795 404 2849 si
420 2797 590 2865 propinques
605 2796 726 2853 habeant
739 2798 932 2852 imbecilliores
948 2795 992 2851 vel

136 2871 225 2926 auimo
244 2870 421 2939 vel-fortuna,
439 2888 533 2926 eorum
555 2876 675 2941 augeant
695 2890 761 2943 opes
782 2874 876 2943 eisquc
897 2873 992 2927 honori

136 2946 192 3000 sint
207 2950 237 3002 et
253 2948 399 3016 dignitati:
413 2952 446 3003 ut
462 2948 490 3002 in
504 2948 613 3017 fabulis,
618 2949 676 3038 ‘qui
692 2950 861 3018 aliquamdiu
878 2952 991 3017 propter

135 3020 336 3089 ignorationem
359 3024 454 3092 stirpis
478 3027 508 3078 et
531 3025 641 3093 generis
667 3026 696 3077 in
722 3026 857 3079 famulatu
881 3024 991 3083 fuerint,

137 3112 222 3165 quum
234 3098 335 3165 cogniti
348 3103 413 3153 sunt
425 3103 454 3173 et
466 3102 515 3153 aut
527 3101 642 3154 deorum
654 3104 703 3153 aut
714 3117 811 3167 regum
821 3100 870 3152 filii
879 3096 992 3160 inventi,

136 3171 259 3227 retinent
270 3177 363 3227 tamen
376 3175 541 3229 caritatem
533 3192 563 3227 m
574 3180 699 3243 pastores
711 3192 780 3229 auos
789 3177 837 3241 pat
839 3189 883 3225 res
825 3169 993 3226 tmultos
