<?xml version="1.0" encoding="UTF-8"?>
<!DOCTYPE html PUBLIC "-//W3C//DTD XHTML 1.0 Transitional//EN"
    "http://www.w3.org/TR/xhtml1/DTD/xhtml1-transitional.dtd">
<html xmlns="http://www.w3.org/1999/xhtml" xml:lang="en" lang="en">
 <head>
  <title>
</title>
<meta http-equiv="Content-Type" content="text/html;charset=utf-8" />
  <meta name='ocr-system' content='tesseract 3.04.00' />
  <meta name='ocr-capabilities' content='ocr_page ocr_carea ocr_par ocr_line ocrx_word'/>
</head>
<body>
  <div class='ocr_page' id='page_1' title='image "./catomajorsivede00longgoog_0075.png"; bbox 0 0 2200 3450; ppageno 0'>
   <div class='ocr_carea' id='block_1_1' title="bbox 150 127 1060 3245">
    <p class='ocr_par' dir='ltr' id='par_1_1' title="bbox 151 127 1008 430">
     <span class='ocr_line' id='line_1_1' title="bbox 356 127 1005 187; baseline -0.002 -10"><span class='ocrx_word' id='word_1_1' title='bbox 356 129 409 177; x_wconf 90' lang='lat' dir='ltr'>AD</span> <span class='ocrx_word' id='word_1_2' title='bbox 426 127 599 187; x_wconf 80' lang='lat' dir='ltr'><strong>QUINTUM</strong></span> <span class='ocrx_word' id='word_1_3' title='bbox 617 127 798 175; x_wconf 75' lang='lat' dir='ltr'>FRATREM.</span> <span class='ocrx_word' id='word_1_4' title='bbox 976 130 1005 183; x_wconf 76' lang='lat'>67</span> 
     </span>
     <span class='ocr_line' id='line_1_2' title="bbox 152 206 1008 278; baseline 0 -14"><span class='ocrx_word' id='word_1_5' title='bbox 152 209 318 278; x_wconf 87' lang='lat' dir='ltr'>optimarum</span> <span class='ocrx_word' id='word_1_6' title='bbox 340 209 441 262; x_wconf 91' lang='lat' dir='ltr'>artium</span> <span class='ocrx_word' id='word_1_7' title='bbox 465 207 564 260; x_wconf 89' lang='lat' dir='ltr'>studiis</span> <span class='ocrx_word' id='word_1_8' title='bbox 587 207 698 275; x_wconf 70' lang='lat' dir='ltr'>eruditi</span> <span class='ocrx_word' id='word_1_9' title='bbox 721 208 759 260; x_wconf 79' lang='lat' dir='ltr'>sle</span> <span class='ocrx_word' id='word_1_10' title='bbox 777 224 807 260; x_wconf 90' lang='lat' dir='ltr'>so</span> <span class='ocrx_word' id='word_1_11' title='bbox 827 206 959 262; x_wconf 86' lang='lat' dir='ltr'>adhibere</span> <span class='ocrx_word' id='word_1_12' title='bbox 978 209 1008 264; x_wconf 89' lang='lat' dir='ltr'>in</span> 
     </span>
     <span class='ocr_line' id='line_1_3' title="bbox 151 283 1008 354; baseline -0.001 -15"><span class='ocrx_word' id='word_1_13' title='bbox 151 288 231 339; x_wconf 86' lang='lat' dir='ltr'>tanta</span> <span class='ocrx_word' id='word_1_14' title='bbox 248 286 388 354; x_wconf 72' lang='lat' dir='ltr'>potestate</span> <span class='ocrx_word' id='word_1_15' title='bbox 405 286 437 337; x_wconf 87' lang='lat' dir='ltr'>ut</span> <span class='ocrx_word' id='word_1_16' title='bbox 454 283 529 336; x_wconf 89' lang='lat' dir='ltr'>nulla</span> <span class='ocrx_word' id='word_1_17' title='bbox 545 283 599 336; x_wconf 88' lang='lat' dir='ltr'>alia</span> <span class='ocrx_word' id='word_1_18' title='bbox 615 285 738 352; x_wconf 87' lang='lat' dir='ltr'>potestas</span> <span class='ocrx_word' id='word_1_19' title='bbox 758 283 793 336; x_wconf 90' lang='lat' dir='ltr'>ab</span> <span class='ocrx_word' id='word_1_20' title='bbox 812 283 847 335; x_wconf 91' lang='lat' dir='ltr'>iis</span> <span class='ocrx_word' id='word_1_21' title='bbox 867 283 966 350; x_wconf 89' lang='lat' dir='ltr'>quibus</span> <span class='ocrx_word' id='word_1_22' title='bbox 983 285 1008 338; x_wconf 91' lang='lat' dir='ltr'>is</span> 
     </span>
     <span class='ocr_line' id='line_1_4' title="bbox 151 359 455 430; baseline -0.01 -16"><span class='ocrx_word' id='word_1_23' title='bbox 151 362 257 430; x_wconf 81' lang='lat' dir='ltr'>praesit</span> <span class='ocrx_word' id='word_1_24' title='bbox 270 359 455 414; x_wconf 83' lang='lat' dir='ltr'>desideretur.</span> 
     </span>
    </p>

    <p class='ocr_par' dir='ltr' id='par_1_2' title="bbox 150 440 1060 3245">
     <span class='ocr_line' id='line_1_5' title="bbox 204 440 1008 510; baseline 0.002 -17"><span class='ocrx_word' id='word_1_25' title='bbox 204 441 290 494; x_wconf 88' lang='lat' dir='ltr'><strong>VIII.</strong></span> <span class='ocrx_word' id='word_1_26' title='bbox 308 447 350 495; x_wconf 77' lang='lat'>23.</span> <span class='ocrx_word' id='word_1_27' title='bbox 370 442 456 510; x_wconf 82' lang='lat' dir='ltr'>Cyrus</span> <span class='ocrx_word' id='word_1_28' title='bbox 467 441 514 494; x_wconf 91' lang='lat' dir='ltr'>ille</span> <span class='ocrx_word' id='word_1_29' title='bbox 526 458 543 494; x_wconf 88' lang='lat' dir='ltr'>a</span> <span class='ocrx_word' id='word_1_30' title='bbox 555 441 737 509; x_wconf 84' lang='lat' dir='ltr'>Xenophonte</span> <span class='ocrx_word' id='word_1_31' title='bbox 753 458 807 498; x_wconf 93' lang='lat' dir='ltr'>non</span> <span class='ocrx_word' id='word_1_32' title='bbox 824 441 860 494; x_wconf 88' lang='lat' dir='ltr'>ad</span> <span class='ocrx_word' id='word_1_33' title='bbox 875 440 1008 496; x_wconf 86' lang='lat' dir='ltr'>historiae</span> 
     </span>
     <span class='ocr_line' id='line_1_6' title="bbox 153 516 1009 585; baseline 0.002 -15"><span class='ocrx_word' id='word_1_34' title='bbox 153 518 236 571; x_wconf 88' lang='lat' dir='ltr'>fidem</span> <span class='ocrx_word' id='word_1_35' title='bbox 247 518 365 584; x_wconf 89' lang='lat' dir='ltr'>scriptus</span> <span class='ocrx_word' id='word_1_36' title='bbox 377 517 427 570; x_wconf 90' lang='lat' dir='ltr'>sed</span> <span class='ocrx_word' id='word_1_37' title='bbox 438 517 477 570; x_wconf 91' lang='lat' dir='ltr'>ad</span> <span class='ocrx_word' id='word_1_38' title='bbox 487 516 604 584; x_wconf 84' lang='lat' dir='ltr'>effigiem</span> <span class='ocrx_word' id='word_1_39' title='bbox 610 517 681 585; x_wconf 89' lang='lat' dir='ltr'>justi</span> <span class='ocrx_word' id='word_1_40' title='bbox 693 517 809 584; x_wconf 90' lang='lat' dir='ltr'>imperii,</span> <span class='ocrx_word' id='word_1_41' title='bbox 816 517 894 584; x_wconf 88' lang='lat' dir='ltr'>cujus</span> <span class='ocrx_word' id='word_1_42' title='bbox 904 534 1009 572; x_wconf 87' lang='lat' dir='ltr'>summa</span> 
     </span>
     <span class='ocr_line' id='line_1_7' title="bbox 152 592 1008 661; baseline 0 -15"><span class='ocrx_word' id='word_1_43' title='bbox 152 594 272 660; x_wconf 77' lang='lat' dir='ltr'>gravitas</span> <span class='ocrx_word' id='word_1_44' title='bbox 283 593 374 646; x_wconf 91' lang='lat' dir='ltr'>abillo</span> <span class='ocrx_word' id='word_1_45' title='bbox 391 592 551 661; x_wconf 89' lang='lat' dir='ltr'>philosopho</span> <span class='ocrx_word' id='word_1_46' title='bbox 571 609 632 645; x_wconf 90' lang='lat' dir='ltr'>cum</span> <span class='ocrx_word' id='word_1_47' title='bbox 649 592 780 659; x_wconf 82' lang='lat' dir='ltr'>singulari</span> <span class='ocrx_word' id='word_1_48' title='bbox 801 593 930 646; x_wconf 86' lang='lat' dir='ltr'>comitate</span> <span class='ocrx_word' id='word_1_49' title='bbox 949 609 1008 646; x_wconf 92' lang='lat' dir='ltr'>oon-</span> 
     </span>
     <span class='ocr_line' id='line_1_8' title="bbox 150 668 1008 737; baseline 0.001 -15"><span class='ocrx_word' id='word_1_50' title='bbox 150 669 388 737; x_wconf 60' lang='lat' dir='ltr'>mugnus-quos</span> <span class='ocrx_word' id='word_1_51' title='bbox 401 668 512 736; x_wconf 91' lang='lat' dir='ltr'>quidem</span> <span class='ocrx_word' id='word_1_52' title='bbox 524 668 609 722; x_wconf 87' lang='lat' dir='ltr'>libros</span> <span class='ocrx_word' id='word_1_53' title='bbox 618 685 672 721; x_wconf 93' lang='lat' dir='ltr'>non</span> <span class='ocrx_word' id='word_1_54' title='bbox 685 669 743 721; x_wconf 92' lang='lat' dir='ltr'>sine</span> <span class='ocrx_word' id='word_1_55' title='bbox 756 684 836 722; x_wconf 87' lang='lat' dir='ltr'>eausa</span> <span class='ocrx_word' id='word_1_56' title='bbox 851 672 946 723; x_wconf 89' lang='lat' dir='ltr'>noster</span> <span class='ocrx_word' id='word_1_57' title='bbox 962 669 1008 723; x_wconf 89' lang='lat' dir='ltr'>ille</span> 
     </span>
     <span class='ocr_line' id='line_1_9' title="bbox 155 744 1009 813; baseline 0.004 -17"><span class='ocrx_word' id='word_1_58' title='bbox 155 745 301 798; x_wconf 82' lang='lat' dir='ltr'>Africanus</span> <span class='ocrx_word' id='word_1_59' title='bbox 320 744 356 799; x_wconf 89' lang='lat' dir='ltr'>de</span> <span class='ocrx_word' id='word_1_60' title='bbox 375 745 499 798; x_wconf 91' lang='lat' dir='ltr'>manibus</span> <span class='ocrx_word' id='word_1_61' title='bbox 517 761 620 813; x_wconf 90' lang='lat' dir='ltr'>ponere</span> <span class='ocrx_word' id='word_1_62' title='bbox 641 761 694 797; x_wconf 91' lang='lat' dir='ltr'>non</span> <span class='ocrx_word' id='word_1_63' title='bbox 713 744 825 812; x_wconf 84' lang='lat' dir='ltr'>solebat,</span> <span class='ocrx_word' id='word_1_64' title='bbox 843 745 947 798; x_wconf 92' lang='lat' dir='ltr'>nullum</span> <span class='ocrx_word' id='word_1_65' title='bbox 967 749 1009 799; x_wconf 88' lang='lat' dir='ltr'>est</span> 
     </span>
     <span class='ocr_line' id='line_1_10' title="bbox 154 820 1009 889; baseline 0 -15"><span class='ocrx_word' id='word_1_66' title='bbox 154 821 226 874; x_wconf 89' lang='lat' dir='ltr'>enim</span> <span class='ocrx_word' id='word_1_67' title='bbox 237 821 462 889; x_wconf 87' lang='lat' dir='ltr'>praetermissum</span> <span class='ocrx_word' id='word_1_68' title='bbox 479 821 555 874; x_wconf 92' lang='lat' dir='ltr'>iniis</span> <span class='ocrx_word' id='word_1_69' title='bbox 575 820 691 873; x_wconf 87' lang='lat' dir='ltr'>officium</span> <span class='ocrx_word' id='word_1_70' title='bbox 707 820 847 888; x_wconf 85' lang='lat' dir='ltr'>diligentis</span> <span class='ocrx_word' id='word_1_71' title='bbox 868 824 898 874; x_wconf 92' lang='lat' dir='ltr'>et</span> <span class='ocrx_word' id='word_1_72' title='bbox 917 821 1009 875; x_wconf 89' lang='lat' dir='ltr'>mode-</span> 
     </span>
     <span class='ocr_line' id='line_1_11' title="bbox 154 895 1009 966; baseline 0.002 -17"><span class='ocrx_word' id='word_1_73' title='bbox 154 896 208 950; x_wconf 85' lang='lat' dir='ltr'>rati</span> <span class='ocrx_word' id='word_1_74' title='bbox 219 895 448 966; x_wconf 77' lang='lat' dir='ltr'>imperii—eaque</span> <span class='ocrx_word' id='word_1_75' title='bbox 458 897 481 949; x_wconf 91' lang='lat' dir='ltr'>si</span> <span class='ocrx_word' id='word_1_76' title='bbox 494 897 532 950; x_wconf 88' lang='lat' dir='ltr'>sic</span> <span class='ocrx_word' id='word_1_77' title='bbox 543 896 629 950; x_wconf 87' lang='lat' dir='ltr'>coluit</span> <span class='ocrx_word' id='word_1_78' title='bbox 640 896 686 950; x_wconf 89' lang='lat' dir='ltr'>ille</span> <span class='ocrx_word' id='word_1_79' title='bbox 698 897 745 964; x_wconf 92' lang='lat' dir='ltr'>qui</span> <span class='ocrx_word' id='word_1_80' title='bbox 757 897 881 964; x_wconf 86' lang='lat' dir='ltr'>privatus</span> <span class='ocrx_word' id='word_1_81' title='bbox 899 897 1009 951; x_wconf 83' lang='lat' dir='ltr'>iuturus</span> 
     </span>
     <span class='ocr_line' id='line_1_12' title="bbox 154 971 1009 1041; baseline 0.001 -17"><span class='ocrx_word' id='word_1_82' title='bbox 154 989 302 1041; x_wconf 85' lang='lat' dir='ltr'>numquam</span> <span class='ocrx_word' id='word_1_83' title='bbox 313 974 373 1039; x_wconf 86' lang='lat' dir='ltr'>fuit,</span> <span class='ocrx_word' id='word_1_84' title='bbox 387 971 598 1040; x_wconf 90' lang='lat' dir='ltr'>quonammodo</span> <span class='ocrx_word' id='word_1_85' title='bbox 611 972 755 1026; x_wconf 88' lang='lat' dir='ltr'>retinenda</span> <span class='ocrx_word' id='word_1_86' title='bbox 774 974 838 1025; x_wconf 91' lang='lat' dir='ltr'>sunt</span> <span class='ocrx_word' id='word_1_87' title='bbox 856 971 890 1026; x_wconf 89' lang='lat' dir='ltr'>iis</span> <span class='ocrx_word' id='word_1_88' title='bbox 911 973 1009 1041; x_wconf 87' lang='lat' dir='ltr'>quibus</span> 
     </span>
     <span class='ocr_line' id='line_1_13' title="bbox 154 1046 1009 1116; baseline -0.001 -15"><span class='ocrx_word' id='word_1_89' title='bbox 154 1049 298 1116; x_wconf 82' lang='lat' dir='ltr'>imperium</span> <span class='ocrx_word' id='word_1_90' title='bbox 309 1050 350 1102; x_wconf 91' lang='lat' dir='ltr'>ita</span> <span class='ocrx_word' id='word_1_91' title='bbox 361 1049 457 1102; x_wconf 87' lang='lat' dir='ltr'>datum</span> <span class='ocrx_word' id='word_1_92' title='bbox 469 1052 556 1102; x_wconf 89' lang='lat' dir='ltr'>estut</span> <span class='ocrx_word' id='word_1_93' title='bbox 572 1048 729 1115; x_wconf 84' lang='lat' dir='ltr'>redderent,</span> <span class='ocrx_word' id='word_1_94' title='bbox 749 1051 777 1102; x_wconf 89' lang='lat' dir='ltr'>et</span> <span class='ocrx_word' id='word_1_95' title='bbox 797 1046 831 1101; x_wconf 90' lang='lat' dir='ltr'>ab</span> <span class='ocrx_word' id='word_1_96' title='bbox 850 1047 884 1100; x_wconf 91' lang='lat' dir='ltr'>iis</span> <span class='ocrx_word' id='word_1_97' title='bbox 904 1048 1009 1116; x_wconf 74' lang='lat' dir='ltr'>legibus</span> 
     </span>
     <span class='ocr_line' id='line_1_14' title="bbox 155 1123 1009 1192; baseline 0 -16"><span class='ocrx_word' id='word_1_98' title='bbox 155 1124 250 1177; x_wconf 89' lang='lat' dir='ltr'>datum</span> <span class='ocrx_word' id='word_1_99' title='bbox 273 1129 316 1178; x_wconf 88' lang='lat' dir='ltr'>est</span> <span class='ocrx_word' id='word_1_100' title='bbox 339 1125 376 1178; x_wconf 88' lang='lat' dir='ltr'>ad</span> <span class='ocrx_word' id='word_1_101' title='bbox 399 1141 466 1192; x_wconf 91' lang='lat' dir='ltr'>quas</span> <span class='ocrx_word' id='word_1_102' title='bbox 490 1123 685 1177; x_wconf 88' lang='lat' dir='ltr'>revertendum</span> <span class='ocrx_word' id='word_1_103' title='bbox 709 1126 773 1178; x_wconf 77' lang='lat' dir='ltr'>esti</span> <span class='ocrx_word' id='word_1_104' title='bbox 816 1130 857 1177; x_wconf 80' lang='lat'>24.</span> <span class='ocrx_word' id='word_1_105' title='bbox 876 1127 919 1177; x_wconf 87' lang='lat' dir='ltr'>Ac</span> <span class='ocrx_word' id='word_1_106' title='bbox 942 1123 1009 1178; x_wconf 90' lang='lat' dir='ltr'>mihi</span> 
     </span>
     <span class='ocr_line' id='line_1_15' title="bbox 156 1199 1009 1269; baseline 0 -17"><span class='ocrx_word' id='word_1_107' title='bbox 156 1200 266 1268; x_wconf 89' lang='lat' dir='ltr'>quidem</span> <span class='ocrx_word' id='word_1_108' title='bbox 275 1201 404 1254; x_wconf 88' lang='lat' dir='ltr'>videntur</span> <span class='ocrx_word' id='word_1_109' title='bbox 415 1200 468 1254; x_wconf 90' lang='lat' dir='ltr'>huc</span> <span class='ocrx_word' id='word_1_110' title='bbox 477 1200 568 1253; x_wconf 90' lang='lat' dir='ltr'>omnia</span> <span class='ocrx_word' id='word_1_111' title='bbox 579 1217 638 1253; x_wconf 91' lang='lat' dir='ltr'>esse</span> <span class='ocrx_word' id='word_1_112' title='bbox 650 1199 793 1254; x_wconf 88' lang='lat' dir='ltr'>referenda</span> <span class='ocrx_word' id='word_1_113' title='bbox 809 1199 844 1252; x_wconf 89' lang='lat' dir='ltr'>iis</span> <span class='ocrx_word' id='word_1_114' title='bbox 864 1199 912 1268; x_wconf 91' lang='lat' dir='ltr'>qui</span> <span class='ocrx_word' id='word_1_115' title='bbox 931 1217 1009 1269; x_wconf 85' lang='lat' dir='ltr'>prae-</span> 
     </span>
     <span class='ocr_line' id='line_1_16' title="bbox 155 1276 1008 1345; baseline 0 -16"><span class='ocrx_word' id='word_1_116' title='bbox 155 1280 219 1330; x_wconf 88' lang='lat' dir='ltr'>sunt</span> <span class='ocrx_word' id='word_1_117' title='bbox 230 1277 298 1343; x_wconf 87' lang='lat' dir='ltr'>aliis,</span> <span class='ocrx_word' id='word_1_118' title='bbox 316 1281 349 1330; x_wconf 94' lang='lat' dir='ltr'>ut</span> <span class='ocrx_word' id='word_1_119' title='bbox 364 1277 384 1330; x_wconf 91' lang='lat' dir='ltr'>ii</span> <span class='ocrx_word' id='word_1_120' title='bbox 404 1276 452 1345; x_wconf 92' lang='lat' dir='ltr'>qui</span> <span class='ocrx_word' id='word_1_121' title='bbox 473 1280 555 1330; x_wconf 89' lang='lat' dir='ltr'>erunt</span> <span class='ocrx_word' id='word_1_122' title='bbox 573 1276 602 1328; x_wconf 91' lang='lat' dir='ltr'>in</span> <span class='ocrx_word' id='word_1_123' title='bbox 612 1293 706 1330; x_wconf 90' lang='lat' dir='ltr'>eorum</span> <span class='ocrx_word' id='word_1_124' title='bbox 723 1276 837 1344; x_wconf 87' lang='lat' dir='ltr'>imperio</span> <span class='ocrx_word' id='word_1_125' title='bbox 858 1277 913 1328; x_wconf 89' lang='lat' dir='ltr'>sint</span> <span class='ocrx_word' id='word_1_126' title='bbox 927 1293 1008 1344; x_wconf 90' lang='lat' dir='ltr'>quam</span> 
     </span>
     <span class='ocr_line' id='line_1_17' title="bbox 155 1351 1008 1422; baseline 0.001 -17"><span class='ocrx_word' id='word_1_127' title='bbox 155 1351 322 1408; x_wconf 81' lang='lat' dir='ltr'>beatissimi:</span> <span class='ocrx_word' id='word_1_128' title='bbox 347 1353 423 1422; x_wconf 91' lang='lat' dir='ltr'>quod</span> <span class='ocrx_word' id='word_1_129' title='bbox 458 1353 509 1405; x_wconf 88' lang='lat' dir='ltr'>tibi</span> <span class='ocrx_word' id='word_1_130' title='bbox 521 1357 550 1406; x_wconf 89' lang='lat' dir='ltr'>et</span> <span class='ocrx_word' id='word_1_131' title='bbox 575 1369 635 1406; x_wconf 88' lang='lat' dir='ltr'>esse</span> <span class='ocrx_word' id='word_1_132' title='bbox 664 1353 889 1420; x_wconf 87' lang='lat' dir='ltr'>antiquissimum,</span> <span class='ocrx_word' id='word_1_133' title='bbox 918 1356 947 1406; x_wconf 87' lang='lat' dir='ltr'>et</span> <span class='ocrx_word' id='word_1_134' title='bbox 974 1354 1008 1406; x_wconf 92' lang='lat' dir='ltr'>ab</span> 
     </span>
     <span class='ocr_line' id='line_1_18' title="bbox 155 1427 1009 1495; baseline 0.001 -14"><span class='ocrx_word' id='word_1_135' title='bbox 155 1427 233 1481; x_wconf 90' lang='lat' dir='ltr'>initio</span> <span class='ocrx_word' id='word_1_136' title='bbox 244 1429 328 1482; x_wconf 82' lang='lat' dir='ltr'>fulsse</span> <span class='ocrx_word' id='word_1_137' title='bbox 340 1432 372 1482; x_wconf 93' lang='lat' dir='ltr'>ut</span> <span class='ocrx_word' id='word_1_138' title='bbox 383 1429 501 1495; x_wconf 88' lang='lat' dir='ltr'>primum</span> <span class='ocrx_word' id='word_1_139' title='bbox 514 1429 611 1481; x_wconf 80' lang='lat' dir='ltr'>Asiam</span> <span class='ocrx_word' id='word_1_140' title='bbox 631 1428 756 1495; x_wconf 84' lang='lat' dir='ltr'>attigisti,</span> <span class='ocrx_word' id='word_1_141' title='bbox 773 1431 915 1481; x_wconf 81' lang='lat' dir='ltr'>constante</span> <span class='ocrx_word' id='word_1_142' title='bbox 936 1428 1009 1482; x_wconf 83' lang='lat' dir='ltr'>fama</span> 
     </span>
     <span class='ocr_line' id='line_1_19' title="bbox 155 1503 1008 1572; baseline -0.001 -15"><span class='ocrx_word' id='word_1_143' title='bbox 155 1508 240 1572; x_wconf 88' lang='lat' dir='ltr'>atque</span> <span class='ocrx_word' id='word_1_144' title='bbox 263 1503 383 1556; x_wconf 89' lang='lat' dir='ltr'>omnium</span> <span class='ocrx_word' id='word_1_145' title='bbox 412 1521 536 1557; x_wconf 90' lang='lat' dir='ltr'>sermone</span> <span class='ocrx_word' id='word_1_146' title='bbox 561 1503 728 1557; x_wconf 90' lang='lat' dir='ltr'>celebratum</span> <span class='ocrx_word' id='word_1_147' title='bbox 753 1507 803 1556; x_wconf 90' lang='lat' dir='ltr'>cst.</span> <span class='ocrx_word' id='word_1_148' title='bbox 843 1503 893 1556; x_wconf 83' lang='lat' dir='ltr'>Est</span> <span class='ocrx_word' id='word_1_149' title='bbox 917 1508 1008 1556; x_wconf 88' lang='lat' dir='ltr'>autem</span> 
     </span>
     <span class='ocr_line' id='line_1_20' title="bbox 155 1578 1008 1648; baseline 0 -16"><span class='ocrx_word' id='word_1_150' title='bbox 155 1595 209 1632; x_wconf 92' lang='lat' dir='ltr'>uon</span> <span class='ocrx_word' id='word_1_151' title='bbox 227 1578 309 1633; x_wconf 91' lang='lat' dir='ltr'>modo</span> <span class='ocrx_word' id='word_1_152' title='bbox 328 1578 388 1648; x_wconf 91' lang='lat' dir='ltr'>ejus</span> <span class='ocrx_word' id='word_1_153' title='bbox 407 1580 455 1648; x_wconf 93' lang='lat' dir='ltr'>qui</span> <span class='ocrx_word' id='word_1_154' title='bbox 479 1580 557 1633; x_wconf 90' lang='lat' dir='ltr'>sociis</span> <span class='ocrx_word' id='word_1_155' title='bbox 581 1584 610 1633; x_wconf 90' lang='lat' dir='ltr'>et</span> <span class='ocrx_word' id='word_1_156' title='bbox 634 1579 744 1645; x_wconf 83' lang='lat' dir='ltr'>civibus,</span> <span class='ocrx_word' id='word_1_157' title='bbox 768 1579 819 1632; x_wconf 90' lang='lat' dir='ltr'>sed</span> <span class='ocrx_word' id='word_1_158' title='bbox 842 1579 925 1633; x_wconf 89' lang='lat' dir='ltr'>etiam</span> <span class='ocrx_word' id='word_1_159' title='bbox 950 1579 1008 1647; x_wconf 89' lang='lat' dir='ltr'>ejus</span> 
     </span>
     <span class='ocr_line' id='line_1_21' title="bbox 156 1655 1009 1724; baseline 0.001 -17"><span class='ocrx_word' id='word_1_160' title='bbox 156 1655 204 1724; x_wconf 91' lang='lat' dir='ltr'>qui</span> <span class='ocrx_word' id='word_1_161' title='bbox 215 1656 307 1723; x_wconf 84' lang='lat' dir='ltr'>servis,</span> <span class='ocrx_word' id='word_1_162' title='bbox 325 1657 372 1724; x_wconf 91' lang='lat' dir='ltr'>qui</span> <span class='ocrx_word' id='word_1_163' title='bbox 390 1656 475 1709; x_wconf 89' lang='lat' dir='ltr'>mutis</span> <span class='ocrx_word' id='word_1_164' title='bbox 490 1655 641 1724; x_wconf 84' lang='lat' dir='ltr'>pecudibus</span> <span class='ocrx_word' id='word_1_165' title='bbox 662 1655 770 1724; x_wconf 84' lang='lat' dir='ltr'>praesit,</span> <span class='ocrx_word' id='word_1_166' title='bbox 792 1671 885 1708; x_wconf 89' lang='lat' dir='ltr'>corum</span> <span class='ocrx_word' id='word_1_167' title='bbox 911 1656 1009 1724; x_wconf 89' lang='lat' dir='ltr'>quibus</span> 
     </span>
     <span class='ocr_line' id='line_1_22' title="bbox 156 1732 1009 1801; baseline 0.001 -17"><span class='ocrx_word' id='word_1_168' title='bbox 156 1734 260 1800; x_wconf 89' lang='lat' dir='ltr'>praesit</span> <span class='ocrx_word' id='word_1_169' title='bbox 277 1733 427 1787; x_wconf 90' lang='lat' dir='ltr'>commodis</span> <span class='ocrx_word' id='word_1_170' title='bbox 445 1733 615 1801; x_wconf 85' lang='lat' dir='ltr'>utilitatique</span> <span class='ocrx_word' id='word_1_171' title='bbox 634 1733 747 1786; x_wconf 82' lang='lat' dir='ltr'>servire.-</span> <span class='ocrx_word' id='word_1_172' title='bbox 780 1739 820 1786; x_wconf 83' lang='lat'>25.</span> <span class='ocrx_word' id='word_1_173' title='bbox 843 1732 929 1801; x_wconf 81' lang='lat' dir='ltr'>Cujus</span> <span class='ocrx_word' id='word_1_174' title='bbox 951 1732 1009 1801; x_wconf 91' lang='lat' dir='ltr'>qui-</span> 
     </span>
     <span class='ocr_line' id='line_1_23' title="bbox 157 1807 1009 1877; baseline 0.004 -17"><span class='ocrx_word' id='word_1_175' title='bbox 157 1807 220 1861; x_wconf 89' lang='lat' dir='ltr'>dem</span> <span class='ocrx_word' id='word_1_176' title='bbox 232 1810 339 1877; x_wconf 86' lang='lat' dir='ltr'>generis</span> <span class='ocrx_word' id='word_1_177' title='bbox 352 1813 476 1863; x_wconf 89' lang='lat' dir='ltr'>constare</span> <span class='ocrx_word' id='word_1_178' title='bbox 487 1810 560 1863; x_wconf 89' lang='lat' dir='ltr'>inter</span> <span class='ocrx_word' id='word_1_179' title='bbox 572 1826 665 1862; x_wconf 90' lang='lat' dir='ltr'>omnes</span> <span class='ocrx_word' id='word_1_180' title='bbox 678 1808 756 1862; x_wconf 87' lang='lat' dir='ltr'>video</span> <span class='ocrx_word' id='word_1_181' title='bbox 769 1808 860 1863; x_wconf 90' lang='lat' dir='ltr'>abste</span> <span class='ocrx_word' id='word_1_182' title='bbox 876 1824 1009 1863; x_wconf 88' lang='lat' dir='ltr'>summam</span> 
     </span>
     <span class='ocr_line' id='line_1_24' title="bbox 157 1885 1010 1955; baseline 0.001 -18"><span class='ocrx_word' id='word_1_183' title='bbox 157 1885 281 1939; x_wconf 89' lang='lat' dir='ltr'>adhiberi</span> <span class='ocrx_word' id='word_1_184' title='bbox 298 1886 485 1955; x_wconf 83' lang='lat' dir='ltr'>diligentiam:</span> <span class='ocrx_word' id='word_1_185' title='bbox 502 1886 606 1939; x_wconf 91' lang='lat' dir='ltr'>nullum</span> <span class='ocrx_word' id='word_1_186' title='bbox 624 1902 669 1939; x_wconf 91' lang='lat' dir='ltr'>aes</span> <span class='ocrx_word' id='word_1_187' title='bbox 689 1885 805 1939; x_wconf 86' lang='lat' dir='ltr'>alienum</span> <span class='ocrx_word' id='word_1_188' title='bbox 825 1902 924 1939; x_wconf 87' lang='lat' dir='ltr'>novum</span> <span class='ocrx_word' id='word_1_189' title='bbox 948 1902 1010 1939; x_wconf 88' lang='lat' dir='ltr'>con-</span> 
     </span>
     <span class='ocr_line' id='line_1_25' title="bbox 157 1961 1009 2029; baseline 0.002 -16"><span class='ocrx_word' id='word_1_190' title='bbox 157 1961 229 2014; x_wconf 87' lang='lat' dir='ltr'>trahi</span> <span class='ocrx_word' id='word_1_191' title='bbox 241 1962 413 2017; x_wconf 84' lang='lat' dir='ltr'>civitatibus:</span> <span class='ocrx_word' id='word_1_192' title='bbox 425 1966 519 2017; x_wconf 84' lang='lat' dir='ltr'>vetere</span> <span class='ocrx_word' id='word_1_193' title='bbox 535 1965 628 2015; x_wconf 89' lang='lat' dir='ltr'>autern</span> <span class='ocrx_word' id='word_1_194' title='bbox 646 1978 744 2029; x_wconf 81' lang='lat' dir='ltr'>magno</span> <span class='ocrx_word' id='word_1_195' title='bbox 764 1964 793 2015; x_wconf 87' lang='lat' dir='ltr'>et</span> <span class='ocrx_word' id='word_1_196' title='bbox 811 1961 888 2029; x_wconf 86' lang='lat' dir='ltr'>gravi</span> <span class='ocrx_word' id='word_1_197' title='bbox 909 1962 1009 2015; x_wconf 89' lang='lat' dir='ltr'>multas</span> 
     </span>
     <span class='ocr_line' id='line_1_26' title="bbox 158 2036 1010 2106; baseline 0.004 -17"><span class='ocrx_word' id='word_1_198' title='bbox 158 2036 247 2091; x_wconf 90' lang='lat' dir='ltr'>abste</span> <span class='ocrx_word' id='word_1_199' title='bbox 259 2055 319 2092; x_wconf 89' lang='lat' dir='ltr'>esse</span> <span class='ocrx_word' id='word_1_200' title='bbox 330 2039 460 2092; x_wconf 85' lang='lat' dir='ltr'>liberatas</span> <span class='ocrx_word' id='word_1_201' title='bbox 471 2058 477 2093; x_wconf 90' lang='lat'>:</span> <span class='ocrx_word' id='word_1_202' title='bbox 490 2038 573 2091; x_wconf 88' lang='lat' dir='ltr'>urbes</span> <span class='ocrx_word' id='word_1_203' title='bbox 584 2038 735 2106; x_wconf 85' lang='lat' dir='ltr'>complures</span> <span class='ocrx_word' id='word_1_204' title='bbox 753 2037 859 2090; x_wconf 85' lang='lat' dir='ltr'>dirutas</span> <span class='ocrx_word' id='word_1_205' title='bbox 876 2054 907 2092; x_wconf 87' lang='lat' dir='ltr'>ac</span> <span class='ocrx_word' id='word_1_206' title='bbox 922 2054 1010 2106; x_wconf 88' lang='lat' dir='ltr'>paene</span> 
     </span>
     <span class='ocr_line' id='line_1_27' title="bbox 158 2113 1010 2187; baseline 0.001 -22"><span class='ocrx_word' id='word_1_207' title='bbox 158 2113 287 2181; x_wconf 87' lang='lat' dir='ltr'>desertas,</span> <span class='ocrx_word' id='word_1_208' title='bbox 304 2116 332 2167; x_wconf 94' lang='lat' dir='ltr'>in</span> <span class='ocrx_word' id='word_1_209' title='bbox 345 2115 446 2184; x_wconf 85' lang='lat' dir='ltr'>quibus</span> <span class='ocrx_word' id='word_1_210' title='bbox 461 2131 543 2167; x_wconf 88' lang='lat' dir='ltr'>unam</span> <span class='ocrx_word' id='word_1_211' title='bbox 562 2114 655 2167; x_wconf 89' lang='lat' dir='ltr'>Ioniae</span> <span class='ocrx_word' id='word_1_212' title='bbox 672 2113 873 2181; x_wconf 87' lang='lat' dir='ltr'>nobilissimam,</span> <span class='ocrx_word' id='word_1_213' title='bbox 894 2114 1010 2187; x_wconf 85' lang='lat' dir='ltr'>alteram</span> 
     </span>
     <span class='ocr_line' id='line_1_28' title="bbox 158 2189 1009 2258; baseline 0.002 -16"><span class='ocrx_word' id='word_1_214' title='bbox 158 2189 262 2258; x_wconf 77' lang='lat' dir='ltr'>Cariae,</span> <span class='ocrx_word' id='word_1_215' title='bbox 275 2191 386 2245; x_wconf 84' lang='lat' dir='ltr'>Samum</span> <span class='ocrx_word' id='word_1_216' title='bbox 399 2194 428 2243; x_wconf 88' lang='lat' dir='ltr'>et</span> <span class='ocrx_word' id='word_1_217' title='bbox 441 2190 670 2257; x_wconf 88' lang='lat' dir='ltr'>Halicarnassum,</span> <span class='ocrx_word' id='word_1_218' title='bbox 683 2206 733 2258; x_wconf 89' lang='lat' dir='ltr'>por</span> <span class='ocrx_word' id='word_1_219' title='bbox 746 2194 774 2243; x_wconf 90' lang='lat' dir='ltr'>te</span> <span class='ocrx_word' id='word_1_220' title='bbox 787 2206 846 2243; x_wconf 90' lang='lat' dir='ltr'>esso</span> <span class='ocrx_word' id='word_1_221' title='bbox 859 2192 1009 2244; x_wconf 84' lang='lat' dir='ltr'>recreatas:</span> 
     </span>
     <span class='ocr_line' id='line_1_29' title="bbox 158 2264 1060 2334; baseline 0.006 -18"><span class='ocrx_word' id='word_1_222' title='bbox 158 2266 245 2318; x_wconf 90' lang='lat' dir='ltr'>nullas</span> <span class='ocrx_word' id='word_1_223' title='bbox 270 2283 331 2319; x_wconf 89' lang='lat' dir='ltr'>esse</span> <span class='ocrx_word' id='word_1_224' title='bbox 358 2266 387 2318; x_wconf 93' lang='lat' dir='ltr'>in</span> <span class='ocrx_word' id='word_1_225' title='bbox 414 2265 522 2334; x_wconf 91' lang='lat' dir='ltr'>oppidis</span> <span class='ocrx_word' id='word_1_226' title='bbox 547 2266 703 2332; x_wconf 87' lang='lat' dir='ltr'>seditiones,</span> <span class='ocrx_word' id='word_1_227' title='bbox 728 2265 815 2318; x_wconf 89' lang='lat' dir='ltr'>nullas</span> <span class='ocrx_word' id='word_1_228' title='bbox 840 2264 1008 2320; x_wconf 88' lang='lat' dir='ltr'>discordias:</span> <span class='ocrx_word' id='word_1_229' title='bbox 1057 2322 1060 2329; x_wconf 73' lang='grc'>,</span> 
     </span>
     <span class='ocr_line' id='line_1_30' title="bbox 157 2340 1010 2408; baseline 0.004 -16"><span class='ocrx_word' id='word_1_230' title='bbox 157 2340 295 2408; x_wconf 88' lang='lat' dir='ltr'>provideri</span> <span class='ocrx_word' id='word_1_231' title='bbox 324 2342 374 2394; x_wconf 86' lang='lat' dir='ltr'>abs</span> <span class='ocrx_word' id='word_1_232' title='bbox 405 2344 434 2395; x_wconf 90' lang='lat' dir='ltr'>te</span> <span class='ocrx_word' id='word_1_233' title='bbox 467 2343 500 2394; x_wconf 94' lang='lat' dir='ltr'>ut</span> <span class='ocrx_word' id='word_1_234' title='bbox 531 2341 657 2393; x_wconf 87' lang='lat' dir='ltr'>civitates</span> <span class='ocrx_word' id='word_1_235' title='bbox 688 2341 861 2407; x_wconf 89' lang='lat' dir='ltr'>optimatium</span> <span class='ocrx_word' id='word_1_236' title='bbox 893 2340 1010 2395; x_wconf 90' lang='lat' dir='ltr'>consiliis</span> 
     </span>
     <span class='ocr_line' id='line_1_31' title="bbox 157 2412 1010 2483; baseline 0.001 -16"><span class='ocrx_word' id='word_1_237' title='bbox 157 2416 401 2470; x_wconf 84' lang='lat' dir='ltr'>administrentur:</span> <span class='ocrx_word' id='word_1_238' title='bbox 414 2415 521 2469; x_wconf 87' lang='lat' dir='ltr'>sublata</span> <span class='ocrx_word' id='word_1_239' title='bbox 533 2416 638 2483; x_wconf 82' lang='lat' dir='ltr'>Mysiae</span> <span class='ocrx_word' id='word_1_240' title='bbox 654 2412 813 2469; x_wconf 87' lang='lat' dir='ltr'>latrocinia:</span> <span class='ocrx_word' id='word_1_241' title='bbox 829 2416 926 2469; x_wconf 86' lang='lat' dir='ltr'>caedes</span> <span class='ocrx_word' id='word_1_242' title='bbox 942 2416 1010 2470; x_wconf 93' lang='lat' dir='ltr'>mul-</span> 
     </span>
     <span class='ocr_line' id='line_1_32' title="bbox 158 2490 1009 2560; baseline 0.006 -17"><span class='ocrx_word' id='word_1_243' title='bbox 158 2492 195 2543; x_wconf 88' lang='lat' dir='ltr'>tis</span> <span class='ocrx_word' id='word_1_244' title='bbox 215 2490 280 2543; x_wconf 91' lang='lat' dir='ltr'>locis</span> <span class='ocrx_word' id='word_1_245' title='bbox 297 2508 449 2559; x_wconf 87' lang='lat' dir='ltr'>repressas:</span> <span class='ocrx_word' id='word_1_246' title='bbox 466 2508 558 2559; x_wconf 88' lang='lat' dir='ltr'>pacem</span> <span class='ocrx_word' id='word_1_247' title='bbox 578 2495 637 2545; x_wconf 85' lang='lat' dir='ltr'>tota</span> <span class='ocrx_word' id='word_1_248' title='bbox 657 2491 794 2560; x_wconf 84' lang='lat' dir='ltr'>provincia</span> <span class='ocrx_word' id='word_1_249' title='bbox 817 2492 1009 2548; x_wconf 86' lang='lat' dir='ltr'>constitutam:</span> 
     </span>
     <span class='ocr_line' id='line_1_33' title="bbox 157 2567 1010 2636; baseline 0.004 -17"><span class='ocrx_word' id='word_1_250' title='bbox 157 2583 248 2635; x_wconf 90' lang='lat' dir='ltr'>noque</span> <span class='ocrx_word' id='word_1_251' title='bbox 267 2567 354 2620; x_wconf 87' lang='lat' dir='ltr'>solum</span> <span class='ocrx_word' id='word_1_252' title='bbox 375 2567 422 2621; x_wconf 88' lang='lat' dir='ltr'>illa</span> <span class='ocrx_word' id='word_1_253' title='bbox 439 2567 568 2621; x_wconf 73' lang='lat' dir='ltr'>iturorum</span> <span class='ocrx_word' id='word_1_254' title='bbox 589 2570 673 2636; x_wconf 89' lang='lat' dir='ltr'>atquc</span> <span class='ocrx_word' id='word_1_255' title='bbox 694 2584 829 2636; x_wconf 78' lang='lat' dir='ltr'>agrorum,</span> <span class='ocrx_word' id='word_1_256' title='bbox 843 2568 900 2621; x_wconf 79' lang='lat' dir='ltr'>sed</span> <span class='ocrx_word' id='word_1_257' title='bbox 924 2569 1010 2623; x_wconf 88' lang='lat' dir='ltr'>multo</span> 
     </span>
     <span class='ocr_line' id='line_1_34' title="bbox 158 2642 1010 2713; baseline 0.005 -18"><span class='ocrx_word' id='word_1_258' title='bbox 158 2642 241 2696; x_wconf 86' lang='lat' dir='ltr'>etiam</span> <span class='ocrx_word' id='word_1_259' title='bbox 252 2644 332 2712; x_wconf 87' lang='lat' dir='ltr'>plura</span> <span class='ocrx_word' id='word_1_260' title='bbox 343 2646 373 2697; x_wconf 92' lang='lat' dir='ltr'>et</span> <span class='ocrx_word' id='word_1_261' title='bbox 391 2643 496 2712; x_wconf 88' lang='lat' dir='ltr'>majora</span> <span class='ocrx_word' id='word_1_262' title='bbox 511 2642 675 2713; x_wconf 88' lang='lat' dir='ltr'>oppidorum</span> <span class='ocrx_word' id='word_1_263' title='bbox 694 2646 723 2697; x_wconf 84' lang='lat' dir='ltr'>et</span> <span class='ocrx_word' id='word_1_264' title='bbox 742 2644 866 2698; x_wconf 90' lang='lat' dir='ltr'>fanorum</span> <span class='ocrx_word' id='word_1_265' title='bbox 884 2644 958 2697; x_wconf 74' lang='lat' dir='ltr'>fianta</span> <span class='ocrx_word' id='word_1_266' title='bbox 982 2648 1010 2699; x_wconf 90' lang='lat' dir='ltr'>et</span> 
     </span>
     <span class='ocr_line' id='line_1_35' title="bbox 157 2716 1010 2790; baseline 0.005 -19"><span class='ocrx_word' id='word_1_267' title='bbox 157 2716 300 2773; x_wconf 87' lang='lat' dir='ltr'>latrocinia</span> <span class='ocrx_word' id='word_1_268' title='bbox 311 2736 371 2773; x_wconf 90' lang='lat' dir='ltr'>esse</span> <span class='ocrx_word' id='word_1_269' title='bbox 390 2720 520 2790; x_wconf 88' lang='lat' dir='ltr'>depulsa:</span> <span class='ocrx_word' id='word_1_270' title='bbox 539 2724 673 2774; x_wconf 88' lang='lat' dir='ltr'>remotam</span> <span class='ocrx_word' id='word_1_271' title='bbox 686 2738 702 2775; x_wconf 90' lang='lat' dir='ltr'>a</span> <span class='ocrx_word' id='word_1_272' title='bbox 714 2722 786 2774; x_wconf 72' lang='lat' dir='ltr'>fama</span> <span class='ocrx_word' id='word_1_273' title='bbox 806 2724 836 2774; x_wconf 89' lang='lat' dir='ltr'>et</span> <span class='ocrx_word' id='word_1_274' title='bbox 854 2738 870 2774; x_wconf 92' lang='lat' dir='ltr'>a</span> <span class='ocrx_word' id='word_1_275' title='bbox 894 2720 1010 2775; x_wconf 77' lang='lat' dir='ltr'>fortunis</span> 
     </span>
     <span class='ocr_line' id='line_1_36' title="bbox 158 2795 1010 2866; baseline 0.005 -21"><span class='ocrx_word' id='word_1_276' title='bbox 158 2797 187 2847; x_wconf 91' lang='lat' dir='ltr'>et</span> <span class='ocrx_word' id='word_1_277' title='bbox 208 2796 244 2848; x_wconf 87' lang='lat' dir='ltr'>ab</span> <span class='ocrx_word' id='word_1_278' title='bbox 261 2796 317 2849; x_wconf 88' lang='lat' dir='ltr'>otio</span> <span class='ocrx_word' id='word_1_279' title='bbox 335 2796 511 2866; x_wconf 85' lang='lat' dir='ltr'>locupletium</span> <span class='ocrx_word' id='word_1_280' title='bbox 532 2795 608 2849; x_wconf 90' lang='lat' dir='ltr'>illam</span> <span class='ocrx_word' id='word_1_281' title='bbox 632 2796 834 2851; x_wconf 86' lang='lat' dir='ltr'>acerbissimam</span> <span class='ocrx_word' id='word_1_282' title='bbox 857 2796 1010 2850; x_wconf 89' lang='lat' dir='ltr'>ministram</span> 
     </span>
     <span class='ocr_line' id='line_1_37' title="bbox 158 2872 1011 2942; baseline 0.004 -20"><span class='ocrx_word' id='word_1_283' title='bbox 158 2875 315 2936; x_wconf 84' lang='lat' dir='ltr'>praetorum</span> <span class='ocrx_word' id='word_1_284' title='bbox 339 2873 470 2926; x_wconf 83' lang='lat' dir='ltr'>avaritiae</span> <span class='ocrx_word' id='word_1_285' title='bbox 495 2873 670 2927; x_wconf 90' lang='lat' dir='ltr'>calumniam:</span> <span class='ocrx_word' id='word_1_286' title='bbox 700 2876 824 2942; x_wconf 89' lang='lat' dir='ltr'>sumptus</span> <span class='ocrx_word' id='word_1_287' title='bbox 849 2876 879 2927; x_wconf 87' lang='lat' dir='ltr'>et</span> <span class='ocrx_word' id='word_1_288' title='bbox 906 2872 1011 2927; x_wconf 89' lang='lat' dir='ltr'>tributa</span> 
     </span>
     <span class='ocr_line' id='line_1_38' title="bbox 159 2946 1011 3018; baseline 0.008 -22"><span class='ocrx_word' id='word_1_289' title='bbox 159 2946 299 3000; x_wconf 65' lang='lat' dir='ltr'>ciuitatum</span> <span class='ocrx_word' id='word_1_290' title='bbox 311 2948 346 3001; x_wconf 91' lang='lat' dir='ltr'>ab</span> <span class='ocrx_word' id='word_1_291' title='bbox 359 2950 481 3002; x_wconf 90' lang='lat' dir='ltr'>omnibus</span> <span class='ocrx_word' id='word_1_292' title='bbox 494 2950 542 3018; x_wconf 89' lang='lat' dir='ltr'>qui</span> <span class='ocrx_word' id='word_1_293' title='bbox 554 2966 648 3003; x_wconf 87' lang='lat' dir='ltr'>aarum</span> <span class='ocrx_word' id='word_1_294' title='bbox 660 2949 801 3004; x_wconf 86' lang='lat' dir='ltr'>civitatum</span> <span class='ocrx_word' id='word_1_295' title='bbox 813 2950 882 3003; x_wconf 87' lang='lat' dir='ltr'>fines</span> <span class='ocrx_word' id='word_1_296' title='bbox 893 2950 1011 3003; x_wconf 90' lang='lat' dir='ltr'>incolant</span> 
     </span>
     <span class='ocr_line' id='line_1_39' title="bbox 158 3022 1011 3093; baseline 0.009 -22"><span class='ocrx_word' id='word_1_297' title='bbox 158 3022 269 3074; x_wconf 71' lang='lat' dir='ltr'>tolerari</span> <span class='ocrx_word' id='word_1_298' title='bbox 281 3024 475 3091; x_wconf 85' lang='lat' dir='ltr'>aequabiliter:</span> <span class='ocrx_word' id='word_1_299' title='bbox 486 3026 627 3079; x_wconf 78' lang='lat' dir='ltr'>facillimos</span> <span class='ocrx_word' id='word_1_300' title='bbox 639 3042 699 3079; x_wconf 89' lang='lat' dir='ltr'>esse</span> <span class='ocrx_word' id='word_1_301' title='bbox 711 3024 802 3079; x_wconf 88' lang='lat' dir='ltr'>aditus</span> <span class='ocrx_word' id='word_1_302' title='bbox 814 3025 851 3079; x_wconf 89' lang='lat' dir='ltr'>ad</span> <span class='ocrx_word' id='word_1_303' title='bbox 862 3028 905 3079; x_wconf 86' lang='lat' dir='ltr'>te:</span> <span class='ocrx_word' id='word_1_304' title='bbox 916 3029 1011 3093; x_wconf 86' lang='lat' dir='ltr'>patero</span> 
     </span>
     <span class='ocr_line' id='line_1_40' title="bbox 158 3101 1009 3170; baseline 0.007 -23"><span class='ocrx_word' id='word_1_305' title='bbox 158 3114 238 3149; x_wconf 74' lang='lat' dir='ltr'>aines</span> <span class='ocrx_word' id='word_1_306' title='bbox 249 3101 311 3152; x_wconf 85' lang='lat' dir='ltr'>tuas</span> <span class='ocrx_word' id='word_1_307' title='bbox 322 3101 441 3167; x_wconf 89' lang='lat' dir='ltr'>querelis</span> <span class='ocrx_word' id='word_1_308' title='bbox 456 3102 592 3155; x_wconf 90' lang='lat' dir='ltr'>omnium:</span> <span class='ocrx_word' id='word_1_309' title='bbox 612 3102 711 3155; x_wconf 92' lang='lat' dir='ltr'>nullius</span> <span class='ocrx_word' id='word_1_310' title='bbox 730 3101 848 3170; x_wconf 88' lang='lat' dir='ltr'>inopiam</span> <span class='ocrx_word' id='word_1_311' title='bbox 869 3118 901 3154; x_wconf 90' lang='lat' dir='ltr'>ae</span> <span class='ocrx_word' id='word_1_312' title='bbox 918 3101 1009 3153; x_wconf 89' lang='lat' dir='ltr'>solitu-</span> 
     </span>
     <span class='ocr_line' id='line_1_41' title="bbox 159 3172 1009 3245; baseline 0.002 -20"><span class='ocrx_word' id='word_1_313' title='bbox 159 3172 251 3226; x_wconf 89' lang='lat' dir='ltr'>dinem</span> <span class='ocrx_word' id='word_1_314' title='bbox 266 3190 321 3228; x_wconf 91' lang='lat' dir='ltr'>non</span> <span class='ocrx_word' id='word_1_315' title='bbox 337 3176 418 3229; x_wconf 89' lang='lat' dir='ltr'>modo</span> <span class='ocrx_word' id='word_1_316' title='bbox 434 3176 481 3228; x_wconf 92' lang='lat' dir='ltr'>illo</span> <span class='ocrx_word' id='word_1_317' title='bbox 497 3177 621 3245; x_wconf 87' lang='lat' dir='ltr'>populari</span> <span class='ocrx_word' id='word_1_318' title='bbox 634 3194 742 3230; x_wconf 83' lang='lat' dir='ltr'>accessu</span> <span class='ocrx_word' id='word_1_319' title='bbox 759 3194 791 3230; x_wconf 85' lang='lat' dir='ltr'>ac</span> <span class='ocrx_word' id='word_1_320' title='bbox 807 3175 944 3241; x_wconf 84' lang='lat' dir='ltr'>tribunali,</span> <span class='ocrx_word' id='word_1_321' title='bbox 961 3177 1009 3228; x_wconf 88' lang='lat' dir='ltr'>sed</span> 
     </span>
    </p>
   </div>
   <div class='ocr_carea' id='block_1_2' title="bbox 0 0 1110 3450">
    <p class='ocr_par' dir='ltr' id='par_1_3' title="bbox 0 0 1110 3450">
     <span class='ocr_line' id='line_1_42' title="bbox 0 0 1110 3450; baseline 0 0"><span class='ocrx_word' id='word_1_322' title='bbox 0 0 1110 3450; x_wconf 95' lang='lat' dir='ltr'> </span> 
     </span>
    </p>
   </div>
  </div>
 </body>
</html>
