<?xml version="1.0" encoding="UTF-8"?>
<!DOCTYPE html PUBLIC "-//W3C//DTD XHTML 1.0 Transitional//EN"
    "http://www.w3.org/TR/xhtml1/DTD/xhtml1-transitional.dtd">
<html xmlns="http://www.w3.org/1999/xhtml" xml:lang="en" lang="en">
 <head>
  <title>
</title>
<meta http-equiv="Content-Type" content="text/html;charset=utf-8" />
  <meta name='ocr-system' content='tesseract 3.04.00' />
  <meta name='ocr-capabilities' content='ocr_page ocr_carea ocr_par ocr_line ocrx_word'/>
</head>
<body>
  <div class='ocr_page' id='page_1' title='image "./catomajorsivede00longgoog_0014.png"; bbox 0 0 2200 3450; ppageno 0'>
   <div class='ocr_carea' id='block_1_1' title="bbox 114 181 732 232">
    <p class='ocr_par' dir='ltr' id='par_1_1' title="bbox 114 181 732 232">
     <span class='ocr_line' id='line_1_1' title="bbox 114 181 732 232; baseline -0.006 0"><span class='ocrx_word' id='word_1_1' title='bbox 114 189 128 232; x_wconf 80' lang='lat' dir='ltr'><strong>b</strong></span> <span class='ocrx_word' id='word_1_2' title='bbox 340 183 378 232; x_wconf 92' lang='lat' dir='ltr'><strong>M.</strong></span> <span class='ocrx_word' id='word_1_3' title='bbox 396 183 524 231; x_wconf 80' lang='lat' dir='ltr'>TULLII</span> <span class='ocrx_word' id='word_1_4' title='bbox 542 181 732 230; x_wconf 76' lang='lat' dir='ltr'>CICERONIS</span> 
     </span>
    </p>
   </div>
   <div class='ocr_carea' id='block_1_2' title="bbox 83 261 958 3209">
    <p class='ocr_par' dir='ltr' id='par_1_2' title="bbox 113 261 958 786">
     <span class='ocr_line' id='line_1_2' title="bbox 114 261 958 330; baseline 0.004 -16"><span class='ocrx_word' id='word_1_5' title='bbox 114 266 198 316; x_wconf 89' lang='lat' dir='ltr'><strong>retur.</strong></span> <span class='ocrx_word' id='word_1_6' title='bbox 236 268 275 316; x_wconf 84' lang='lat'><strong>15.</strong></span> <span class='ocrx_word' id='word_1_7' title='bbox 304 261 420 330; x_wconf 80' lang='lat' dir='ltr'><strong>Etenim,</strong></span> <span class='ocrx_word' id='word_1_8' title='bbox 436 278 519 329; x_wconf 91' lang='lat' dir='ltr'><strong>quum</strong></span> <span class='ocrx_word' id='word_1_9' title='bbox 531 261 701 329; x_wconf 87' lang='lat' dir='ltr'><strong>contemplor</strong></span> <span class='ocrx_word' id='word_1_10' title='bbox 718 261 814 329; x_wconf 86' lang='lat' dir='ltr'><strong>animo,</strong></span> <span class='ocrx_word' id='word_1_11' title='bbox 828 266 958 330; x_wconf 87' lang='lat' dir='ltr'><strong>quattuor</strong></span> 
     </span>
     <span class='ocr_line' id='line_1_3' title="bbox 114 337 957 405; baseline 0.002 -15"><span class='ocrx_word' id='word_1_12' title='bbox 114 338 221 405; x_wconf 82' lang='lat' dir='ltr'>reperio</span> <span class='ocrx_word' id='word_1_13' title='bbox 245 354 339 391; x_wconf 85' lang='lat' dir='ltr'><strong>causas</strong></span> <span class='ocrx_word' id='word_1_14' title='bbox 362 355 411 391; x_wconf 87' lang='lat' dir='ltr'><strong>cur</strong></span> <span class='ocrx_word' id='word_1_15' title='bbox 434 341 560 391; x_wconf 86' lang='lat' dir='ltr'><strong>senectus</strong></span> <span class='ocrx_word' id='word_1_16' title='bbox 579 337 678 390; x_wconf 87' lang='lat' dir='ltr'><strong>misera</strong></span> <span class='ocrx_word' id='word_1_17' title='bbox 702 337 842 392; x_wconf 80' lang='lat' dir='ltr'><strong>videatur:</strong></span> <span class='ocrx_word' id='word_1_18' title='bbox 867 355 957 404; x_wconf 90' lang='lat' dir='ltr'><strong>unam,</strong></span> 
     </span>
     <span class='ocr_line' id='line_1_4' title="bbox 114 413 958 482; baseline 0.004 -16"><span class='ocrx_word' id='word_1_19' title='bbox 114 413 188 480; x_wconf 90' lang='lat' dir='ltr'><strong>qued</strong></span> <span class='ocrx_word' id='word_1_20' title='bbox 207 416 302 467; x_wconf 87' lang='lat' dir='ltr'><strong>avocet</strong></span> <span class='ocrx_word' id='word_1_21' title='bbox 320 429 337 466; x_wconf 87' lang='lat' dir='ltr'><strong>a</strong></span> <span class='ocrx_word' id='word_1_22' title='bbox 355 413 437 467; x_wconf 89' lang='lat' dir='ltr'><strong>rebus</strong></span> <span class='ocrx_word' id='word_1_23' title='bbox 460 413 603 481; x_wconf 85' lang='lat' dir='ltr'><strong>gerendis;</strong></span> <span class='ocrx_word' id='word_1_24' title='bbox 626 413 748 480; x_wconf 89' lang='lat' dir='ltr'><strong>alteram,</strong></span> <span class='ocrx_word' id='word_1_25' title='bbox 768 413 842 482; x_wconf 89' lang='lat' dir='ltr'><strong>qued</strong></span> <span class='ocrx_word' id='word_1_26' title='bbox 860 431 958 482; x_wconf 87' lang='lat' dir='ltr'><strong>cerpus</strong></span> 
     </span>
     <span class='ocr_line' id='line_1_5' title="bbox 114 489 956 561; baseline 0.002 -20"><span class='ocrx_word' id='word_1_27' title='bbox 114 489 195 542; x_wconf 89' lang='lat' dir='ltr'><strong>faeiat</strong></span> <span class='ocrx_word' id='word_1_28' title='bbox 209 489 342 543; x_wconf 87' lang='lat' dir='ltr'><strong>infirmius</strong></span> <span class='ocrx_word' id='word_1_29' title='bbox 350 509 357 554; x_wconf 93' lang='lat'>;</span> <span class='ocrx_word' id='word_1_30' title='bbox 374 489 494 556; x_wconf 75' lang='lat' dir='ltr'><strong>tertiam,</strong></span> <span class='ocrx_word' id='word_1_31' title='bbox 507 489 581 556; x_wconf 91' lang='lat' dir='ltr'><strong>qued</strong></span> <span class='ocrx_word' id='word_1_32' title='bbox 594 489 684 557; x_wconf 85' lang='lat' dir='ltr'><strong>privet</strong></span> <span class='ocrx_word' id='word_1_33' title='bbox 699 489 824 542; x_wconf 88' lang='lat' dir='ltr'><strong>omnibus</strong></span> <span class='ocrx_word' id='word_1_34' title='bbox 839 490 897 561; x_wconf 82' lang='lat' dir='ltr'><strong>sere</strong></span> <span class='ocrx_word' id='word_1_35' title='bbox 911 507 956 544; x_wconf 78' lang='lat' dir='ltr'><strong>ve</strong></span> 
     </span>
     <span class='ocr_line' id='line_1_6' title="bbox 113 564 956 634; baseline 0.005 -18"><span class='ocrx_word' id='word_1_36' title='bbox 113 565 278 634; x_wconf 88' lang='lat' dir='ltr'><strong>luptatibus;</strong></span> <span class='ocrx_word' id='word_1_37' title='bbox 297 569 430 634; x_wconf 76' lang='lat' dir='ltr'>quartam,</span> <span class='ocrx_word' id='word_1_38' title='bbox 444 565 518 634; x_wconf 88' lang='lat' dir='ltr'><strong>qued</strong></span> <span class='ocrx_word' id='word_1_39' title='bbox 535 565 610 618; x_wconf 88' lang='lat' dir='ltr'><strong>haud</strong></span> <span class='ocrx_word' id='word_1_40' title='bbox 627 566 720 633; x_wconf 89' lang='lat' dir='ltr'><strong>procul</strong></span> <span class='ocrx_word' id='word_1_41' title='bbox 738 564 809 619; x_wconf 90' lang='lat' dir='ltr'><strong>absit</strong></span> <span class='ocrx_word' id='word_1_42' title='bbox 827 582 844 618; x_wconf 84' lang='lat' dir='ltr'><strong>a</strong></span> <span class='ocrx_word' id='word_1_43' title='bbox 860 570 956 621; x_wconf 86' lang='lat' dir='ltr'><strong>morte.</strong></span> 
     </span>
     <span class='ocr_line' id='line_1_7' title="bbox 114 640 956 709; baseline 0.005 -17"><span class='ocrx_word' id='word_1_44' title='bbox 114 640 223 708; x_wconf 85' lang='lat' dir='ltr'><strong>Earum,</strong></span> <span class='ocrx_word' id='word_1_45' title='bbox 241 642 263 694; x_wconf 87' lang='lat' dir='ltr'><strong>si</strong></span> <span class='ocrx_word' id='word_1_46' title='bbox 282 642 378 709; x_wconf 89' lang='lat' dir='ltr'><strong>placet,</strong></span> <span class='ocrx_word' id='word_1_47' title='bbox 396 657 537 694; x_wconf 89' lang='lat' dir='ltr'><strong>causarum</strong></span> <span class='ocrx_word' id='word_1_48' title='bbox 556 646 658 709; x_wconf 87' lang='lat' dir='ltr'><strong>quanta</strong></span> <span class='ocrx_word' id='word_1_49' title='bbox 675 657 811 709; x_wconf 88' lang='lat' dir='ltr'><strong>quamque</strong></span> <span class='ocrx_word' id='word_1_50' title='bbox 828 642 866 694; x_wconf 87' lang='lat' dir='ltr'><strong>sit</strong></span> <span class='ocrx_word' id='word_1_51' title='bbox 878 641 956 709; x_wconf 85' lang='lat' dir='ltr'><strong>justa</strong></span> 
     </span>
     <span class='ocr_line' id='line_1_8' title="bbox 114 717 450 786; baseline 0.012 -18"><span class='ocrx_word' id='word_1_52' title='bbox 114 732 292 786; x_wconf 73' lang='lat' dir='ltr'><strong>imaquaeque</strong></span> <span class='ocrx_word' id='word_1_53' title='bbox 304 717 450 772; x_wconf 83' lang='lat' dir='ltr'><strong>videamus</strong></span> 
     </span>
    </p>

    <p class='ocr_par' dir='ltr' id='par_1_3' title="bbox 83 789 956 1678">
     <span class='ocr_line' id='line_1_9' title="bbox 83 789 955 860; baseline 0.003 -16"><span class='ocrx_word' id='word_1_54' title='bbox 83 809 87 817; x_wconf 60' lang='lat'><em>⁴</em></span> <span class='ocrx_word' id='word_1_55' title='bbox 165 793 216 846; x_wconf 90' lang='lat' dir='ltr'><strong>Vl.</strong></span> <span class='ocrx_word' id='word_1_56' title='bbox 246 796 271 845; x_wconf 93' lang='lat' dir='ltr'><strong>A</strong></span> <span class='ocrx_word' id='word_1_57' title='bbox 285 792 366 846; x_wconf 88' lang='lat' dir='ltr'><strong>rebus</strong></span> <span class='ocrx_word' id='word_1_58' title='bbox 378 789 505 860; x_wconf 79' lang='lat' dir='ltr'><strong>gerendis</strong></span> <span class='ocrx_word' id='word_1_59' title='bbox 517 795 644 846; x_wconf 87' lang='lat' dir='ltr'><strong>senectus</strong></span> <span class='ocrx_word' id='word_1_60' title='bbox 656 791 798 846; x_wconf 86' lang='lat' dir='ltr'><strong>abstrahit.</strong></span> <span class='ocrx_word' id='word_1_61' title='bbox 834 792 955 856; x_wconf 80' lang='lat' dir='ltr'><strong>Quibusl</strong></span> 
     </span>
     <span class='ocr_line' id='line_1_10' title="bbox 115 867 956 936; baseline 0.002 -16"><span class='ocrx_word' id='word_1_62' title='bbox 115 869 160 920; x_wconf 89' lang='lat' dir='ltr'><strong>An</strong></span> <span class='ocrx_word' id='word_1_63' title='bbox 175 869 208 920; x_wconf 91' lang='lat' dir='ltr'><strong>iis</strong></span> <span class='ocrx_word' id='word_1_64' title='bbox 225 885 295 936; x_wconf 88' lang='lat' dir='ltr'><strong>qnae</strong></span> <span class='ocrx_word' id='word_1_65' title='bbox 307 869 454 936; x_wconf 87' lang='lat' dir='ltr'><strong>juventute</strong></span> <span class='ocrx_word' id='word_1_66' title='bbox 472 870 606 936; x_wconf 84' lang='lat' dir='ltr'><strong>geruntur</strong></span> <span class='ocrx_word' id='word_1_67' title='bbox 623 871 653 923; x_wconf 92' lang='lat' dir='ltr'><strong>et</strong></span> <span class='ocrx_word' id='word_1_68' title='bbox 666 867 786 922; x_wconf 80' lang='lat' dir='ltr'><strong>viribusl</strong></span> <span class='ocrx_word' id='word_1_69' title='bbox 823 867 956 922; x_wconf 88' lang='lat' dir='ltr'><strong>Nullaene</strong></span> 
     </span>
     <span class='ocr_line' id='line_1_11' title="bbox 113 942 956 1013; baseline 0 -17"><span class='ocrx_word' id='word_1_70' title='bbox 113 943 197 1011; x_wconf 83' lang='lat' dir='ltr'><strong>igitur</strong></span> <span class='ocrx_word' id='word_1_71' title='bbox 211 960 255 996; x_wconf 90' lang='lat' dir='ltr'><strong>rcs</strong></span> <span class='ocrx_word' id='word_1_72' title='bbox 272 948 336 996; x_wconf 87' lang='lat' dir='ltr'><strong>suut</strong></span> <span class='ocrx_word' id='word_1_73' title='bbox 350 944 448 998; x_wconf 80' lang='lat' dir='ltr'><strong>seniles</strong></span> <span class='ocrx_word' id='word_1_74' title='bbox 460 960 531 1013; x_wconf 86' lang='lat' dir='ltr'><strong>quae</strong></span> <span class='ocrx_word' id='word_1_75' title='bbox 542 942 586 996; x_wconf 84' lang='lat' dir='ltr'><strong>vel</strong></span> <span class='ocrx_word' id='word_1_76' title='bbox 599 943 713 997; x_wconf 87' lang='lat' dir='ltr'><strong>infirmis</strong></span> <span class='ocrx_word' id='word_1_77' title='bbox 728 943 884 1012; x_wconf 89' lang='lat' dir='ltr'><strong>cerporibus</strong></span> <span class='ocrx_word' id='word_1_78' title='bbox 900 945 956 997; x_wconf 86' lang='lat' dir='ltr'><strong>ani-</strong></span> 
     </span>
     <span class='ocr_line' id='line_1_12' title="bbox 114 1018 956 1086; baseline 0.002 -16"><span class='ocrx_word' id='word_1_79' title='bbox 114 1023 260 1071; x_wconf 74' lang='lat' dir='ltr'><strong>luctamen</strong></span> <span class='ocrx_word' id='word_1_80' title='bbox 273 1019 511 1073; x_wconf 73' lang='lat' dir='ltr'><strong>administrentur?</strong></span> <span class='ocrx_word' id='word_1_81' title='bbox 546 1018 622 1072; x_wconf 87' lang='lat' dir='ltr'><strong>Nihil</strong></span> <span class='ocrx_word' id='word_1_82' title='bbox 636 1035 701 1086; x_wconf 86' lang='lat' dir='ltr'><strong>crgo</strong></span> <span class='ocrx_word' id='word_1_83' title='bbox 713 1019 813 1086; x_wconf 79' lang='lat' dir='ltr'><strong>agebat</strong></span> <span class='ocrx_word' id='word_1_84' title='bbox 825 1019 856 1082; x_wconf 82' lang='lat' dir='ltr'><strong>Q.</strong></span> <span class='ocrx_word' id='word_1_85' title='bbox 870 1019 956 1072; x_wconf 81' lang='lat' dir='ltr'><strong>Maxi-</strong></span> 
     </span>
     <span class='ocr_line' id='line_1_13' title="bbox 112 1094 955 1163; baseline 0 -17"><span class='ocrx_word' id='word_1_86' title='bbox 112 1111 180 1147; x_wconf 83' lang='lat' dir='ltr'><strong>mus.</strong></span> <span class='ocrx_word' id='word_1_87' title='bbox 198 1095 272 1148; x_wconf 90' lang='lat' dir='ltr'><strong>Nihil</strong></span> <span class='ocrx_word' id='word_1_88' title='bbox 292 1095 322 1148; x_wconf 85' lang='lat' dir='ltr'><strong>L.</strong></span> <span class='ocrx_word' id='word_1_89' title='bbox 336 1094 453 1162; x_wconf 78' lang='lat' dir='ltr'><strong>Paullus,</strong></span> <span class='ocrx_word' id='word_1_90' title='bbox 469 1099 549 1163; x_wconf 89' lang='lat' dir='ltr'><strong>pater</strong></span> <span class='ocrx_word' id='word_1_91' title='bbox 567 1098 638 1162; x_wconf 74' lang='lat' dir='ltr'><strong>tuuS,</strong></span> <span class='ocrx_word' id='word_1_92' title='bbox 655 1095 750 1162; x_wconf 80' lang='lat' dir='ltr'><strong>Scipio,</strong></span> <span class='ocrx_word' id='word_1_93' title='bbox 768 1111 844 1148; x_wconf 87' lang='lat' dir='ltr'><strong>secer</strong></span> <span class='ocrx_word' id='word_1_94' title='bbox 859 1095 955 1161; x_wconf 86' lang='lat' dir='ltr'><strong>optimi</strong></span> 
     </span>
     <span class='ocr_line' id='line_1_14' title="bbox 112 1170 954 1238; baseline 0.004 -18"><span class='ocrx_word' id='word_1_95' title='bbox 112 1171 169 1234; x_wconf 79' lang='lat' dir='ltr'><strong>riri,</strong></span> <span class='ocrx_word' id='word_1_96' title='bbox 182 1170 230 1222; x_wconf 89' lang='lat' dir='ltr'><strong>lilii</strong></span> <span class='ocrx_word' id='word_1_97' title='bbox 243 1171 305 1223; x_wconf 89' lang='lat' dir='ltr'><strong>mei.</strong></span> <span class='ocrx_word' id='word_1_98' title='bbox 350 1171 441 1224; x_wconf 84' lang='lat' dir='ltr'><strong>Ceteri</strong></span> <span class='ocrx_word' id='word_1_99' title='bbox 456 1187 540 1238; x_wconf 89' lang='lat' dir='ltr'><strong>senes,</strong></span> <span class='ocrx_word' id='word_1_100' title='bbox 554 1170 679 1237; x_wconf 79' lang='lat' dir='ltr'><strong>Fabricii,</strong></span> <span class='ocrx_word' id='word_1_101' title='bbox 693 1171 775 1236; x_wconf 81' lang='lat' dir='ltr'><strong>Curii,</strong></span> <span class='ocrx_word' id='word_1_102' title='bbox 788 1171 954 1236; x_wconf 84' lang='lat' dir='ltr'><strong>Coruncanii,</strong></span> 
     </span>
     <span class='ocr_line' id='line_1_15' title="bbox 113 1244 954 1313; baseline 0 -15"><span class='ocrx_word' id='word_1_103' title='bbox 113 1263 196 1313; x_wconf 89' lang='lat' dir='ltr'><strong>quum</strong></span> <span class='ocrx_word' id='word_1_104' title='bbox 209 1262 267 1298; x_wconf 91' lang='lat' dir='ltr'><strong>rem</strong></span> <span class='ocrx_word' id='word_1_105' title='bbox 279 1245 414 1313; x_wconf 87' lang='lat' dir='ltr'><strong>publicam</strong></span> <span class='ocrx_word' id='word_1_106' title='bbox 424 1246 534 1299; x_wconf 86' lang='lat' dir='ltr'><strong>consilio</strong></span> <span class='ocrx_word' id='word_1_107' title='bbox 546 1250 576 1299; x_wconf 90' lang='lat' dir='ltr'><strong>et</strong></span> <span class='ocrx_word' id='word_1_108' title='bbox 587 1246 750 1299; x_wconf 71' lang='lat' dir='ltr'><strong>alteteritate</strong></span> <span class='ocrx_word' id='word_1_109' title='bbox 762 1244 954 1311; x_wconf 84' lang='lat' dir='ltr'><strong>defendebant,</strong></span> 
     </span>
     <span class='ocr_line' id='line_1_16' title="bbox 112 1321 955 1390; baseline 0.001 -17"><span class='ocrx_word' id='word_1_110' title='bbox 112 1321 178 1374; x_wconf 90' lang='lat' dir='ltr'><strong>nihil</strong></span> <span class='ocrx_word' id='word_1_111' title='bbox 190 1321 315 1388; x_wconf 83' lang='lat' dir='ltr'><strong>agebant.</strong></span> <span class='ocrx_word' id='word_1_112' title='bbox 360 1327 398 1375; x_wconf 90' lang='grc'><strong>16.</strong></span> <span class='ocrx_word' id='word_1_113' title='bbox 425 1321 471 1374; x_wconf 89' lang='lat' dir='ltr'><strong>Ad</strong></span> <span class='ocrx_word' id='word_1_114' title='bbox 484 1321 569 1390; x_wconf 89' lang='lat' dir='ltr'><strong>Appii</strong></span> <span class='ocrx_word' id='word_1_115' title='bbox 581 1321 688 1376; x_wconf 83' lang='lat' dir='ltr'><strong>Claudii</strong></span> <span class='ocrx_word' id='word_1_116' title='bbox 700 1325 868 1374; x_wconf 84' lang='lat' dir='ltr'><strong>senectutem</strong></span> <span class='ocrx_word' id='word_1_117' title='bbox 880 1337 955 1374; x_wconf 83' lang='lat' dir='ltr'><strong>acce-</strong></span> 
     </span>
     <span class='ocr_line' id='line_1_17' title="bbox 112 1396 956 1466; baseline 0.001 -18"><span class='ocrx_word' id='word_1_118' title='bbox 112 1396 197 1451; x_wconf 82' lang='lat' dir='ltr'><strong>debat</strong></span> <span class='ocrx_word' id='word_1_119' title='bbox 210 1397 293 1451; x_wconf 86' lang='lat' dir='ltr'><strong>etiam</strong></span> <span class='ocrx_word' id='word_1_120' title='bbox 309 1400 341 1450; x_wconf 88' lang='lat' dir='ltr'><strong>ut</strong></span> <span class='ocrx_word' id='word_1_121' title='bbox 354 1413 449 1451; x_wconf 86' lang='lat' dir='ltr'><strong>caecus</strong></span> <span class='ocrx_word' id='word_1_122' title='bbox 463 1401 536 1451; x_wconf 88' lang='lat' dir='ltr'><strong>esset</strong></span> <span class='ocrx_word' id='word_1_123' title='bbox 544 1419 550 1463; x_wconf 87' lang='lat'>;</span> <span class='ocrx_word' id='word_1_124' title='bbox 568 1401 660 1451; x_wconf 86' lang='lat' dir='ltr'><strong>tamen</strong></span> <span class='ocrx_word' id='word_1_125' title='bbox 675 1397 707 1464; x_wconf 90' lang='lat' dir='ltr'><strong>is,</strong></span> <span class='ocrx_word' id='word_1_126' title='bbox 721 1414 805 1466; x_wconf 89' lang='lat' dir='ltr'><strong>quum</strong></span> <span class='ocrx_word' id='word_1_127' title='bbox 820 1398 956 1450; x_wconf 87' lang='lat' dir='ltr'><strong>sententia</strong></span> 
     </span>
     <span class='ocr_line' id='line_1_18' title="bbox 112 1472 955 1542; baseline -0.002 -16"><span class='ocrx_word' id='word_1_128' title='bbox 112 1472 228 1526; x_wconf 81' lang='lat' dir='ltr'><strong>Senatus</strong></span> <span class='ocrx_word' id='word_1_129' title='bbox 240 1473 383 1527; x_wconf 86' lang='lat' dir='ltr'><strong>inclinaret</strong></span> <span class='ocrx_word' id='word_1_130' title='bbox 393 1474 429 1526; x_wconf 90' lang='lat' dir='ltr'><strong>ad</strong></span> <span class='ocrx_word' id='word_1_131' title='bbox 440 1490 534 1542; x_wconf 87' lang='lat' dir='ltr'><strong>pacem</strong></span> <span class='ocrx_word' id='word_1_132' title='bbox 547 1490 608 1526; x_wconf 92' lang='lat' dir='ltr'><strong>cum</strong></span> <span class='ocrx_word' id='word_1_133' title='bbox 619 1473 722 1538; x_wconf 76' lang='lat' dir='ltr'><strong>Pyrrhe</strong></span> <span class='ocrx_word' id='word_1_134' title='bbox 730 1472 882 1540; x_wconf 82' lang='lat' dir='ltr'><strong>foedusque</strong></span> <span class='ocrx_word' id='word_1_135' title='bbox 892 1472 955 1524; x_wconf 84' lang='lat' dir='ltr'><strong>faci-</strong></span> 
     </span>
     <span class='ocr_line' id='line_1_19' title="bbox 111 1549 955 1618; baseline 0 -17"><span class='ocrx_word' id='word_1_136' title='bbox 111 1549 220 1616; x_wconf 89' lang='lat' dir='ltr'><strong>endum,</strong></span> <span class='ocrx_word' id='word_1_137' title='bbox 239 1566 292 1602; x_wconf 92' lang='lat' dir='ltr'><strong>nen</strong></span> <span class='ocrx_word' id='word_1_138' title='bbox 310 1549 446 1603; x_wconf 86' lang='lat' dir='ltr'><strong>dubitavit</strong></span> <span class='ocrx_word' id='word_1_139' title='bbox 464 1549 556 1602; x_wconf 88' lang='lat' dir='ltr'><strong>dicere</strong></span> <span class='ocrx_word' id='word_1_140' title='bbox 574 1549 621 1601; x_wconf 76' lang='lat' dir='ltr'><strong>ila</strong></span> <span class='ocrx_word' id='word_1_141' title='bbox 638 1565 708 1618; x_wconf 88' lang='lat' dir='ltr'><strong>quae</strong></span> <span class='ocrx_word' id='word_1_142' title='bbox 724 1549 848 1603; x_wconf 88' lang='lat' dir='ltr'><strong>versibus</strong></span> <span class='ocrx_word' id='word_1_143' title='bbox 865 1563 955 1617; x_wconf 78' lang='lat' dir='ltr'><strong>perse</strong></span> 
     </span>
     <span class='ocr_line' id='line_1_20' title="bbox 111 1625 373 1678; baseline 0.008 -2"><span class='ocrx_word' id='word_1_144' title='bbox 111 1628 189 1678; x_wconf 88' lang='lat' dir='ltr'><strong>cutus</strong></span> <span class='ocrx_word' id='word_1_145' title='bbox 202 1629 245 1677; x_wconf 91' lang='lat' dir='ltr'><strong>est</strong></span> <span class='ocrx_word' id='word_1_146' title='bbox 258 1625 373 1678; x_wconf 83' lang='lat' dir='ltr'><strong>Ennius:</strong></span> 
     </span>
    </p>

    <p class='ocr_par' dir='ltr' id='par_1_4' title="bbox 206 1707 825 1847">
     <span class='ocr_line' id='line_1_21' title="bbox 208 1707 825 1771; baseline 0.003 -16"><span class='ocrx_word' id='word_1_147' title='bbox 208 1707 262 1765; x_wconf 78' lang='lat' dir='ltr'><strong>Quo</strong></span> <span class='ocrx_word' id='word_1_148' title='bbox 274 1709 343 1756; x_wconf 90' lang='lat' dir='ltr'><strong>vohis</strong></span> <span class='ocrx_word' id='word_1_149' title='bbox 355 1715 456 1767; x_wconf 87' lang='lat' dir='ltr'><strong>mentes,</strong></span> <span class='ocrx_word' id='word_1_150' title='bbox 471 1715 551 1758; x_wconf 88' lang='lat' dir='ltr'><strong>rectae</strong></span> <span class='ocrx_word' id='word_1_151' title='bbox 563 1725 626 1771; x_wconf 89' lang='lat' dir='ltr'><strong>qnae</strong></span> <span class='ocrx_word' id='word_1_152' title='bbox 637 1713 702 1757; x_wconf 82' lang='lat' dir='ltr'><strong>stare.</strong></span> <span class='ocrx_word' id='word_1_153' title='bbox 713 1709 825 1757; x_wconf 88' lang='lat' dir='ltr'><strong>solebant</strong></span> 
     </span>
     <span class='ocr_line' id='line_1_22' title="bbox 206 1773 758 1847; baseline 0.005 -28"><span class='ocrx_word' id='word_1_154' title='bbox 206 1774 329 1831; x_wconf 87' lang='lat' dir='ltr'><strong>Antehac,</strong></span> <span class='ocrx_word' id='word_1_155' title='bbox 344 1773 469 1821; x_wconf 87' lang='lat' dir='ltr'><strong>dementes</strong></span> <span class='ocrx_word' id='word_1_156' title='bbox 480 1790 532 1821; x_wconf 89' lang='lat' dir='ltr'><strong>sese</strong></span> <span class='ocrx_word' id='word_1_157' title='bbox 543 1775 632 1821; x_wconf 81' lang='lat' dir='ltr'><strong>flexere</strong></span> <span class='ocrx_word' id='word_1_158' title='bbox 643 1775 707 1823; x_wconf 67' lang='lat' dir='ltr'><strong>viai?</strong></span> <span class='ocrx_word' id='word_1_159' title='bbox 754 1837 758 1847; x_wconf 28' lang='grc' dir='ltr'>ι</span> 
     </span>
    </p>

    <p class='ocr_par' dir='ltr' id='par_1_5' title="bbox 84 1858 954 3209">
     <span class='ocr_line' id='line_1_23' title="bbox 110 1858 953 1925; baseline 0.005 -16"><span class='ocrx_word' id='word_1_160' title='bbox 110 1862 254 1925; x_wconf 89' lang='lat' dir='ltr'><strong>ceteraque</strong></span> <span class='ocrx_word' id='word_1_161' title='bbox 266 1858 437 1925; x_wconf 83' lang='lat' dir='ltr'><strong>gravissime:</strong></span> <span class='ocrx_word' id='word_1_162' title='bbox 455 1862 549 1911; x_wconf 90' lang='lat' dir='ltr'><strong>netum</strong></span> <span class='ocrx_word' id='word_1_163' title='bbox 562 1859 634 1911; x_wconf 89' lang='lat' dir='ltr'><strong>enim</strong></span> <span class='ocrx_word' id='word_1_164' title='bbox 643 1858 720 1911; x_wconf 83' lang='lat' dir='ltr'><strong>vebis</strong></span> <span class='ocrx_word' id='word_1_165' title='bbox 732 1876 840 1912; x_wconf 87' lang='lat' dir='ltr'><strong>carmen</strong></span> <span class='ocrx_word' id='word_1_166' title='bbox 852 1862 908 1924; x_wconf 82' lang='lat' dir='ltr'><strong>cst3</strong></span> <span class='ocrx_word' id='word_1_167' title='bbox 924 1862 953 1913; x_wconf 88' lang='lat' dir='ltr'><strong>et</strong></span> 
     </span>
     <span class='ocr_line' id='line_1_24' title="bbox 110 1934 953 2003; baseline 0.005 -19"><span class='ocrx_word' id='word_1_168' title='bbox 110 1936 201 1985; x_wconf 85' lang='lat' dir='ltr'><strong>tamen</strong></span> <span class='ocrx_word' id='word_1_169' title='bbox 219 1934 302 2001; x_wconf 88' lang='lat' dir='ltr'><strong>ipsius</strong></span> <span class='ocrx_word' id='word_1_170' title='bbox 316 1934 400 2002; x_wconf 82' lang='lat' dir='ltr'><strong>Appii</strong></span> <span class='ocrx_word' id='word_1_171' title='bbox 415 1938 491 1987; x_wconf 84' lang='lat' dir='ltr'><strong>extat</strong></span> <span class='ocrx_word' id='word_1_172' title='bbox 505 1936 598 1987; x_wconf 89' lang='lat' dir='ltr'><strong>oratio.</strong></span> <span class='ocrx_word' id='word_1_173' title='bbox 636 1937 731 2003; x_wconf 88' lang='lat' dir='ltr'><strong>Atque</strong></span> <span class='ocrx_word' id='word_1_174' title='bbox 749 1935 816 1989; x_wconf 88' lang='lat' dir='ltr'><strong>haee</strong></span> <span class='ocrx_word' id='word_1_175' title='bbox 832 1936 878 1988; x_wconf 86' lang='lat' dir='ltr'><strong>ille</strong></span> <span class='ocrx_word' id='word_1_176' title='bbox 895 1935 953 2002; x_wconf 82' lang='lat' dir='ltr'><strong>egit</strong></span> 
     </span>
     <span class='ocr_line' id='line_1_25' title="bbox 111 2009 952 2079; baseline 0.004 -19"><span class='ocrx_word' id='word_1_177' title='bbox 111 2013 214 2075; x_wconf 84' lang='lat' dir='ltr'><strong>septem</strong></span> <span class='ocrx_word' id='word_1_178' title='bbox 230 2013 259 2062; x_wconf 88' lang='lat' dir='ltr'><strong>et</strong></span> <span class='ocrx_word' id='word_1_179' title='bbox 273 2009 367 2062; x_wconf 88' lang='lat' dir='ltr'><strong>decem</strong></span> <span class='ocrx_word' id='word_1_180' title='bbox 382 2010 458 2063; x_wconf 89' lang='lat' dir='ltr'><strong>annis</strong></span> <span class='ocrx_word' id='word_1_181' title='bbox 474 2013 536 2079; x_wconf 88' lang='lat' dir='ltr'><strong>pest</strong></span> <span class='ocrx_word' id='word_1_182' title='bbox 551 2010 667 2064; x_wconf 90' lang='lat' dir='ltr'><strong>alterum</strong></span> <span class='ocrx_word' id='word_1_183' title='bbox 680 2012 856 2077; x_wconf 85' lang='lat' dir='ltr'><strong>consulatum,</strong></span> <span class='ocrx_word' id='word_1_184' title='bbox 869 2028 952 2079; x_wconf 91' lang='lat' dir='ltr'><strong>quum</strong></span> 
     </span>
     <span class='ocr_line' id='line_1_26' title="bbox 84 2084 954 2151; baseline 0.003 -16"><span class='ocrx_word' id='word_1_185' title='bbox 84 2126 90 2135; x_wconf 91' lang='lat'>.</span> <span class='ocrx_word' id='word_1_186' title='bbox 109 2085 182 2137; x_wconf 90' lang='lat' dir='ltr'><strong>inter</strong></span> <span class='ocrx_word' id='word_1_187' title='bbox 200 2084 267 2137; x_wconf 91' lang='lat' dir='ltr'><strong>duos</strong></span> <span class='ocrx_word' id='word_1_188' title='bbox 283 2085 438 2139; x_wconf 88' lang='lat' dir='ltr'><strong>consulatus</strong></span> <span class='ocrx_word' id='word_1_189' title='bbox 452 2086 515 2139; x_wconf 91' lang='lat' dir='ltr'><strong>anni</strong></span> <span class='ocrx_word' id='word_1_190' title='bbox 530 2086 625 2139; x_wconf 89' lang='lat' dir='ltr'><strong>decem</strong></span> <span class='ocrx_word' id='word_1_191' title='bbox 641 2086 834 2151; x_wconf 75' lang='lat' dir='ltr'><strong>interfuissent,</strong></span> <span class='ocrx_word' id='word_1_192' title='bbox 849 2102 954 2139; x_wconf 90' lang='lat' dir='ltr'><strong>censor-</strong></span> 
     </span>
     <span class='ocr_line' id='line_1_27' title="bbox 110 2161 953 2231; baseline 0.004 -19"><span class='ocrx_word' id='word_1_193' title='bbox 110 2177 163 2227; x_wconf 89' lang='lat' dir='ltr'><strong>que</strong></span> <span class='ocrx_word' id='word_1_194' title='bbox 178 2164 242 2213; x_wconf 86' lang='lat' dir='ltr'><strong>ante</strong></span> <span class='ocrx_word' id='word_1_195' title='bbox 259 2162 427 2228; x_wconf 85' lang='lat' dir='ltr'><strong>superiorem</strong></span> <span class='ocrx_word' id='word_1_196' title='bbox 442 2161 611 2220; x_wconf 85' lang='lat' dir='ltr'><strong>consulatum</strong></span> <span class='ocrx_word' id='word_1_197' title='bbox 626 2162 738 2228; x_wconf 81' lang='lat' dir='ltr'><strong>finisset3</strong></span> <span class='ocrx_word' id='word_1_198' title='bbox 755 2180 789 2216; x_wconf 86' lang='lat' dir='ltr'><strong>cx</strong></span> <span class='ocrx_word' id='word_1_199' title='bbox 806 2172 860 2231; x_wconf 85' lang='lat' dir='ltr'><strong>que</strong></span> <span class='ocrx_word' id='word_1_200' title='bbox 875 2162 953 2215; x_wconf 91' lang='lat' dir='ltr'><strong>intel-</strong></span> 
     </span>
     <span class='ocr_line' id='line_1_28' title="bbox 109 2236 953 2305; baseline 0.005 -18"><span class='ocrx_word' id='word_1_201' title='bbox 109 2236 203 2303; x_wconf 83' lang='lat' dir='ltr'><strong>ligitur</strong></span> <span class='ocrx_word' id='word_1_202' title='bbox 216 2236 313 2304; x_wconf 82' lang='lat' dir='ltr'><strong>Pyrrhi</strong></span> <span class='ocrx_word' id='word_1_203' title='bbox 325 2236 396 2290; x_wconf 89' lang='lat' dir='ltr'><strong>belle</strong></span> <span class='ocrx_word' id='word_1_204' title='bbox 408 2238 538 2305; x_wconf 85' lang='lat' dir='ltr'><strong>grandem</strong></span> <span class='ocrx_word' id='word_1_205' title='bbox 552 2254 616 2291; x_wconf 89' lang='lat' dir='ltr'><strong>sane</strong></span> <span class='ocrx_word' id='word_1_206' title='bbox 627 2237 724 2291; x_wconf 82' lang='lat' dir='ltr'><strong>fuisse:</strong></span> <span class='ocrx_word' id='word_1_207' title='bbox 742 2241 875 2291; x_wconf 88' lang='lat' dir='ltr'><strong>ettamen</strong></span> <span class='ocrx_word' id='word_1_208' title='bbox 888 2238 953 2291; x_wconf 86' lang='lat' dir='ltr'><strong>sica</strong></span> 
     </span>
     <span class='ocr_line' id='line_1_29' title="bbox 109 2312 952 2381; baseline 0.005 -18"><span class='ocrx_word' id='word_1_209' title='bbox 109 2312 404 2380; x_wconf 82' lang='lat' dir='ltr'><strong>patribusaccepimus.</strong></span> <span class='ocrx_word' id='word_1_210' title='bbox 443 2318 482 2369; x_wconf 89' lang='grc'><strong>17.</strong></span> <span class='ocrx_word' id='word_1_211' title='bbox 511 2314 585 2365; x_wconf 86' lang='lat' dir='ltr'><strong>Nihil</strong></span> <span class='ocrx_word' id='word_1_212' title='bbox 597 2314 682 2381; x_wconf 82' lang='lat' dir='ltr'><strong>igitur</strong></span> <span class='ocrx_word' id='word_1_213' title='bbox 694 2313 810 2366; x_wconf 79' lang='lat' dir='ltr'><strong>afferrmt</strong></span> <span class='ocrx_word' id='word_1_214' title='bbox 822 2314 952 2381; x_wconf 89' lang='lat' dir='ltr'><strong>quiinre</strong></span> 
     </span>
     <span class='ocr_line' id='line_1_30' title="bbox 107 2388 952 2457; baseline 0.005 -18"><span class='ocrx_word' id='word_1_215' title='bbox 107 2388 227 2453; x_wconf 81' lang='lat' dir='ltr'><strong>gerenda</strong></span> <span class='ocrx_word' id='word_1_216' title='bbox 239 2390 340 2441; x_wconf 78' lang='lat' dir='ltr'><strong>versari</strong></span> <span class='ocrx_word' id='word_1_217' title='bbox 356 2392 524 2443; x_wconf 86' lang='lat' dir='ltr'><strong>senectutem</strong></span> <span class='ocrx_word' id='word_1_218' title='bbox 538 2392 655 2457; x_wconf 84' lang='lat' dir='ltr'><strong>negant;</strong></span> <span class='ocrx_word' id='word_1_219' title='bbox 674 2390 828 2456; x_wconf 85' lang='lat' dir='ltr'><strong>similesque</strong></span> <span class='ocrx_word' id='word_1_220' title='bbox 843 2392 907 2441; x_wconf 91' lang='lat' dir='ltr'><strong>sunt</strong></span> <span class='ocrx_word' id='word_1_221' title='bbox 921 2393 952 2443; x_wconf 91' lang='lat' dir='ltr'><strong>ut</strong></span> 
     </span>
     <span class='ocr_line' id='line_1_31' title="bbox 108 2458 951 2532; baseline 0.005 -18"><span class='ocrx_word' id='word_1_222' title='bbox 108 2463 130 2515; x_wconf 89' lang='lat' dir='ltr'><strong>si</strong></span> <span class='ocrx_word' id='word_1_223' title='bbox 150 2464 196 2531; x_wconf 91' lang='lat' dir='ltr'><strong>qui</strong></span> <span class='ocrx_word' id='word_1_224' title='bbox 215 2462 425 2531; x_wconf 76' lang='lat' dir='ltr'><strong>gubernatorem</strong></span> <span class='ocrx_word' id='word_1_225' title='bbox 446 2465 474 2517; x_wconf 92' lang='lat' dir='ltr'><strong>in</strong></span> <span class='ocrx_word' id='word_1_226' title='bbox 494 2458 646 2532; x_wconf 77' lang='lat' dir='ltr'><strong>navigandi&gt;</strong></span> <span class='ocrx_word' id='word_1_227' title='bbox 664 2464 731 2517; x_wconf 92' lang='lat' dir='ltr'><strong>nihil</strong></span> <span class='ocrx_word' id='word_1_228' title='bbox 751 2481 833 2532; x_wconf 84' lang='lat' dir='ltr'><strong>agere</strong></span> <span class='ocrx_word' id='word_1_229' title='bbox 852 2464 951 2530; x_wconf 89' lang='lat' dir='ltr'><strong>dicant,</strong></span> 
     </span>
     <span class='ocr_line' id='line_1_32' title="bbox 108 2537 951 2609; baseline 0.002 -18"><span class='ocrx_word' id='word_1_230' title='bbox 108 2556 192 2607; x_wconf 90' lang='lat' dir='ltr'><strong>quum</strong></span> <span class='ocrx_word' id='word_1_231' title='bbox 212 2539 257 2591; x_wconf 87' lang='lat' dir='ltr'><strong>alii</strong></span> <span class='ocrx_word' id='word_1_232' title='bbox 277 2540 362 2593; x_wconf 88' lang='lat' dir='ltr'><strong>malos</strong></span> <span class='ocrx_word' id='word_1_233' title='bbox 383 2540 521 2608; x_wconf 86' lang='lat' dir='ltr'><strong>scandant,</strong></span> <span class='ocrx_word' id='word_1_234' title='bbox 540 2541 587 2593; x_wconf 85' lang='lat' dir='ltr'><strong>alii</strong></span> <span class='ocrx_word' id='word_1_235' title='bbox 605 2558 657 2609; x_wconf 89' lang='lat' dir='ltr'><strong>per</strong></span> <span class='ocrx_word' id='word_1_236' title='bbox 676 2541 750 2594; x_wconf 85' lang='lat' dir='ltr'><strong>ierus</strong></span> <span class='ocrx_word' id='word_1_237' title='bbox 769 2537 892 2608; x_wconf 70' lang='lat' dir='ltr'><strong>nument,</strong></span> <span class='ocrx_word' id='word_1_238' title='bbox 906 2540 951 2593; x_wconf 86' lang='lat' dir='ltr'><strong>alii</strong></span> 
     </span>
     <span class='ocr_line' id='line_1_33' title="bbox 107 2614 951 2684; baseline 0.004 -18"><span class='ocrx_word' id='word_1_239' title='bbox 107 2615 242 2668; x_wconf 85' lang='lat' dir='ltr'><strong>sentinam</strong></span> <span class='ocrx_word' id='word_1_240' title='bbox 254 2614 424 2683; x_wconf 85' lang='lat' dir='ltr'><strong>exhauriant,</strong></span> <span class='ocrx_word' id='word_1_241' title='bbox 434 2616 480 2669; x_wconf 93' lang='lat' dir='ltr'><strong>ille</strong></span> <span class='ocrx_word' id='word_1_242' title='bbox 504 2620 595 2669; x_wconf 86' lang='lat' dir='ltr'><strong>eutem</strong></span> <span class='ocrx_word' id='word_1_243' title='bbox 617 2616 721 2671; x_wconf 86' lang='lat' dir='ltr'><strong>clavum</strong></span> <span class='ocrx_word' id='word_1_244' title='bbox 733 2621 831 2670; x_wconf 87' lang='lat' dir='ltr'><strong>tenens</strong></span> <span class='ocrx_word' id='word_1_245' title='bbox 843 2617 951 2684; x_wconf 87' lang='lat' dir='ltr'><strong>quietus</strong></span> 
     </span>
     <span class='ocr_line' id='line_1_34' title="bbox 107 2690 951 2760; baseline 0.004 -19"><span class='ocrx_word' id='word_1_246' title='bbox 107 2690 203 2744; x_wconf 86' lang='lat' dir='ltr'><strong>sedeat</strong></span> <span class='ocrx_word' id='word_1_247' title='bbox 215 2690 244 2743; x_wconf 92' lang='lat' dir='ltr'><strong>in</strong></span> <span class='ocrx_word' id='word_1_248' title='bbox 256 2692 346 2759; x_wconf 91' lang='lat' dir='ltr'><strong>puppi.</strong></span> <span class='ocrx_word' id='word_1_249' title='bbox 383 2691 409 2743; x_wconf 93' lang='lat' dir='ltr'>N</span> <span class='ocrx_word' id='word_1_250' title='bbox 411 2708 444 2743; x_wconf 90' lang='lat' dir='ltr'><strong>en</strong></span> <span class='ocrx_word' id='word_1_251' title='bbox 462 2692 529 2745; x_wconf 87' lang='lat' dir='ltr'><strong>lacit</strong></span> <span class='ocrx_word' id='word_1_252' title='bbox 544 2708 577 2744; x_wconf 87' lang='lat' dir='ltr'><strong>ea</strong></span> <span class='ocrx_word' id='word_1_253' title='bbox 591 2708 660 2760; x_wconf 87' lang='lat' dir='ltr'><strong>quae</strong></span> <span class='ocrx_word' id='word_1_254' title='bbox 673 2692 797 2760; x_wconf 87' lang='lat' dir='ltr'><strong>juvenes.</strong></span> <span class='ocrx_word' id='word_1_255' title='bbox 835 2695 876 2745; x_wconf 89' lang='lat' dir='ltr'><strong>At</strong></span> <span class='ocrx_word' id='word_1_256' title='bbox 887 2707 951 2745; x_wconf 87' lang='lat' dir='ltr'><strong>vero</strong></span> 
     </span>
     <span class='ocr_line' id='line_1_35' title="bbox 107 2766 952 2834; baseline 0.004 -18"><span class='ocrx_word' id='word_1_257' title='bbox 107 2766 192 2818; x_wconf 86' lang='lat' dir='ltr'><strong>multo</strong></span> <span class='ocrx_word' id='word_1_258' title='bbox 206 2770 311 2834; x_wconf 85' lang='lat' dir='ltr'><strong>majera</strong></span> <span class='ocrx_word' id='word_1_259' title='bbox 325 2771 354 2820; x_wconf 88' lang='lat' dir='ltr'><strong>et</strong></span> <span class='ocrx_word' id='word_1_260' title='bbox 368 2766 480 2820; x_wconf 85' lang='lat' dir='ltr'><strong>meliora</strong></span> <span class='ocrx_word' id='word_1_261' title='bbox 491 2768 562 2821; x_wconf 81' lang='grc'><strong>10011.</strong></span> <span class='ocrx_word' id='word_1_262' title='bbox 598 2767 661 2821; x_wconf 91' lang='lat' dir='ltr'><strong>Non</strong></span> <span class='ocrx_word' id='word_1_263' title='bbox 673 2768 776 2821; x_wconf 87' lang='lat' dir='ltr'><strong>viribus</strong></span> <span class='ocrx_word' id='word_1_264' title='bbox 791 2771 839 2821; x_wconf 89' lang='lat' dir='ltr'><strong>aut</strong></span> <span class='ocrx_word' id='word_1_265' title='bbox 854 2767 952 2820; x_wconf 84' lang='lat' dir='ltr'><strong>veloci-</strong></span> 
     </span>
     <span class='ocr_line' id='line_1_36' title="bbox 106 2840 950 2911; baseline 0.002 -19"><span class='ocrx_word' id='word_1_266' title='bbox 106 2840 209 2893; x_wconf 85' lang='lat' dir='ltr'><strong>tatibus</strong></span> <span class='ocrx_word' id='word_1_267' title='bbox 228 2845 276 2895; x_wconf 92' lang='lat' dir='ltr'><strong>aut</strong></span> <span class='ocrx_word' id='word_1_268' title='bbox 295 2842 436 2896; x_wconf 88' lang='lat' dir='ltr'><strong>celeritate</strong></span> <span class='ocrx_word' id='word_1_269' title='bbox 455 2859 597 2911; x_wconf 87' lang='lat' dir='ltr'><strong>corporum</strong></span> <span class='ocrx_word' id='word_1_270' title='bbox 616 2859 660 2895; x_wconf 88' lang='lat' dir='ltr'><strong>res</strong></span> <span class='ocrx_word' id='word_1_271' title='bbox 678 2860 793 2909; x_wconf 84' lang='lat' dir='ltr'><strong>magnae</strong></span> <span class='ocrx_word' id='word_1_272' title='bbox 811 2846 950 2910; x_wconf 85' lang='lat' dir='ltr'><strong>geruntur,</strong></span> 
     </span>
     <span class='ocr_line' id='line_1_37' title="bbox 106 2915 951 2985; baseline 0.004 -18"><span class='ocrx_word' id='word_1_273' title='bbox 106 2915 155 2967; x_wconf 88' lang='lat' dir='ltr'><strong>sed</strong></span> <span class='ocrx_word' id='word_1_274' title='bbox 176 2917 293 2984; x_wconf 84' lang='lat' dir='ltr'><strong>consilio,</strong></span> <span class='ocrx_word' id='word_1_275' title='bbox 313 2919 483 2985; x_wconf 83' lang='lat' dir='ltr'><strong>auctoritate,</strong></span> <span class='ocrx_word' id='word_1_276' title='bbox 504 2920 656 2982; x_wconf 88' lang='lat' dir='ltr'><strong>sententia;</strong></span> <span class='ocrx_word' id='word_1_277' title='bbox 681 2917 781 2984; x_wconf 87' lang='lat' dir='ltr'><strong>quibus</strong></span> <span class='ocrx_word' id='word_1_278' title='bbox 798 2934 853 2970; x_wconf 91' lang='lat' dir='ltr'><strong>non</strong></span> <span class='ocrx_word' id='word_1_279' title='bbox 870 2918 951 2970; x_wconf 87' lang='lat' dir='ltr'><strong>mede</strong></span> 
     </span>
     <span class='ocr_line' id='line_1_38' title="bbox 105 2991 951 3060; baseline 0.008 -19"><span class='ocrx_word' id='word_1_280' title='bbox 105 3006 158 3043; x_wconf 88' lang='lat' dir='ltr'><strong>neu</strong></span> <span class='ocrx_word' id='word_1_281' title='bbox 174 2991 272 3060; x_wconf 90' lang='lat' dir='ltr'><strong>orbari,</strong></span> <span class='ocrx_word' id='word_1_282' title='bbox 286 2994 336 3046; x_wconf 89' lang='lat' dir='ltr'><strong>sed</strong></span> <span class='ocrx_word' id='word_1_283' title='bbox 354 2995 436 3047; x_wconf 90' lang='lat' dir='ltr'><strong>etiam</strong></span> <span class='ocrx_word' id='word_1_284' title='bbox 455 2994 548 3060; x_wconf 77' lang='lat' dir='ltr'><strong>augeri</strong></span> <span class='ocrx_word' id='word_1_285' title='bbox 567 2998 693 3047; x_wconf 86' lang='lat' dir='ltr'><strong>senectus</strong></span> <span class='ocrx_word' id='word_1_286' title='bbox 709 2993 786 3046; x_wconf 86' lang='lat' dir='ltr'><strong>solet.</strong></span> <span class='ocrx_word' id='word_1_287' title='bbox 825 3000 863 3047; x_wconf 83' lang='lat'><strong>18.</strong></span> <span class='ocrx_word' id='word_1_288' title='bbox 890 2994 951 3048; x_wconf 89' lang='lat' dir='ltr'><strong>Nisi</strong></span> 
     </span>
     <span class='ocr_line' id='line_1_39' title="bbox 105 3066 951 3137; baseline 0.006 -20"><span class='ocrx_word' id='word_1_289' title='bbox 105 3066 337 3135; x_wconf 74' lang='lat' dir='ltr'><strong>forteegcvebiS,</strong></span> <span class='ocrx_word' id='word_1_290' title='bbox 354 3070 445 3137; x_wconf 87' lang='lat' dir='ltr'><strong>quiet</strong></span> <span class='ocrx_word' id='word_1_291' title='bbox 462 3069 540 3121; x_wconf 91' lang='lat' dir='ltr'><strong>miles</strong></span> <span class='ocrx_word' id='word_1_292' title='bbox 558 3071 587 3120; x_wconf 92' lang='lat' dir='ltr'><strong>ct</strong></span> <span class='ocrx_word' id='word_1_293' title='bbox 605 3068 731 3120; x_wconf 90' lang='lat' dir='ltr'><strong>tribunus</strong></span> <span class='ocrx_word' id='word_1_294' title='bbox 750 3072 778 3119; x_wconf 88' lang='lat' dir='ltr'><strong>et</strong></span> <span class='ocrx_word' id='word_1_295' title='bbox 797 3068 903 3135; x_wconf 86' lang='lat' dir='ltr'><strong>legatus</strong></span> <span class='ocrx_word' id='word_1_296' title='bbox 922 3071 951 3122; x_wconf 91' lang='lat' dir='ltr'><strong>et</strong></span> 
     </span>
     <span class='ocr_line' id='line_1_40' title="bbox 104 3141 951 3209; baseline 0.004 -15"><span class='ocrx_word' id='word_1_297' title='bbox 104 3142 196 3195; x_wconf 86' lang='lat' dir='ltr'><strong>consul</strong></span> <span class='ocrx_word' id='word_1_298' title='bbox 210 3148 334 3197; x_wconf 85' lang='lat' dir='ltr'><strong>versatus</strong></span> <span class='ocrx_word' id='word_1_299' title='bbox 352 3161 411 3196; x_wconf 91' lang='lat' dir='ltr'><strong>sum</strong></span> <span class='ocrx_word' id='word_1_300' title='bbox 430 3145 458 3196; x_wconf 91' lang='lat' dir='ltr'><strong>in</strong></span> <span class='ocrx_word' id='word_1_301' title='bbox 475 3144 549 3196; x_wconf 87' lang='lat' dir='ltr'><strong>varie</strong></span> <span class='ocrx_word' id='word_1_302' title='bbox 567 3158 669 3209; x_wconf 85' lang='lat' dir='ltr'><strong>genere</strong></span> <span class='ocrx_word' id='word_1_303' title='bbox 685 3141 826 3206; x_wconf 82' lang='lat' dir='ltr'><strong>bellorum,</strong></span> <span class='ocrx_word' id='word_1_304' title='bbox 845 3160 951 3197; x_wconf 87' lang='lat' dir='ltr'><strong>cessare</strong></span> 
     </span>
    </p>
   </div>
   <div class='ocr_carea' id='block_1_3' title="bbox 5 3217 950 3289">
    <p class='ocr_par' dir='ltr' id='par_1_6' title="bbox 5 3217 950 3289">
     <span class='ocr_line' id='line_1_41' title="bbox 5 3217 950 3289; baseline 0.004 -21"><span class='ocrx_word' id='word_1_305' title='bbox 5 3270 6 3275; x_wconf 62' lang='grc'>,</span> <span class='ocrx_word' id='word_1_306' title='bbox 104 3231 175 3271; x_wconf 87' lang='lat' dir='ltr'><strong>nunc</strong></span> <span class='ocrx_word' id='word_1_307' title='bbox 193 3218 288 3273; x_wconf 84' lang='lat' dir='ltr'><strong>videor</strong></span> <span class='ocrx_word' id='word_1_308' title='bbox 308 3236 391 3289; x_wconf 91' lang='lat' dir='ltr'><strong>quum</strong></span> <span class='ocrx_word' id='word_1_309' title='bbox 411 3219 555 3272; x_wconf 80' lang='lat' dir='ltr'><strong>bellunen</strong></span> <span class='ocrx_word' id='word_1_310' title='bbox 574 3234 647 3284; x_wconf 78' lang='lat' dir='ltr'><strong>gero.</strong></span> <span class='ocrx_word' id='word_1_311' title='bbox 684 3219 725 3269; x_wconf 89' lang='lat' dir='ltr'><strong>At</strong></span> <span class='ocrx_word' id='word_1_312' title='bbox 749 3217 860 3270; x_wconf 76' lang='lat' dir='ltr'><strong>Senatui</strong></span> <span class='ocrx_word' id='word_1_313' title='bbox 880 3235 950 3286; x_wconf 88' lang='lat' dir='ltr'><strong>quae</strong></span> 
     </span>
    </p>
   </div>
   <div class='ocr_carea' id='block_1_4' title="bbox 0 0 1104 3450">
    <p class='ocr_par' dir='ltr' id='par_1_7' title="bbox 0 0 1104 3450">
     <span class='ocr_line' id='line_1_42' title="bbox 0 0 1104 3450; baseline 0 2"><span class='ocrx_word' id='word_1_314' title='bbox 0 0 1104 3450; x_wconf 95' lang='lat' dir='ltr'><strong> </strong></span> 
     </span>
    </p>
   </div>
   <div class='ocr_carea' id='block_1_5' title="bbox 1088 2747 1096 2771">
    <p class='ocr_par' dir='ltr' id='par_1_8' title="bbox 1088 2569 1096 3095">
     <span class='ocr_line' id='line_1_43' title="bbox 1088 2747 1096 2771; baseline 0 324"><span class='ocrx_word' id='word_1_315' title='bbox 1088 2747 1096 2771; x_wconf 83' lang='lat'>·</span> 
     </span>
    </p>
   </div>
  </div>
 </body>
</html>
