2200 3450
117 166 149 215 Ἠ
463 157 639 206 EPISTULA

103 244 192 313 ⁴quod
213 246 256 295 eat
275 239 405 309 epistolae
425 237 573 305 proprium,
590 241 622 290 ιιι
640 237 664 290 is
682 237 719 291 ad
740 253 821 307 quem
845 237 972 293 scribitur

117 331 153 372 de
165 320 199 373 iis
211 317 293 370 rebus
305 332 372 384 quas
385 314 492 382 ignorat
507 313 608 366 certior
624 313 679 378 fiat,
696 313 974 382 praetermittendum

115 412 177 448 esse
200 411 253 448 non
276 397 351 462 puto.
386 399 427 446 38.
446 392 489 445 Sic
507 392 544 445 ad
566 409 616 446 nos
640 404 733 448 omnes
756 393 814 448 fere
838 395 973 468 deferunt,

116 471 183 524 nihil
196 487 279 539 quum
288 469 363 542 absit
373 468 514 521 iracundia
529 471 560 522 te
569 469 629 522 ficri
647 485 726 536 posse
741 469 904 538 jucundius3
923 475 972 528 scd

115 564 201 615 quum
213 551 242 600 tc
252 545 366 614 alicujus
377 543 539 614 improbitas
553 545 773 614 perversitasque
789 547 972 612 commoverit,

114 624 155 676 sic
174 626 204 677 te
222 624 312 676 animo
330 621 439 674 incitari
463 624 495 674 nt
518 621 553 674 ab
578 621 702 676 omnibus
727 626 775 676 tua
799 623 972 677 desideretur

115 699 277 752 humanitas.
313 698 403 762 Quare
416 696 543 766 quoniam
560 697 588 750 in
605 713 666 750 cam
682 699 816 752 rationem
833 699 905 753 vitae
921 716 971 753 nos

113 791 168 828 non
187 779 244 828 tam
264 774 399 842 cupiditas
419 773 554 842 quaedam
573 773 676 841 gloriae
692 789 775 844 quam
794 792 838 828 res
857 777 916 843 ipsa
939 793 971 828 ac

113 851 225 903 fortuna
249 850 371 917 deduxit,
395 854 427 904 ut
451 849 633 918 sempiternus
658 866 746 904 sermo
770 850 910 904 hominum
934 852 970 904 de

112 924 192 978 nobis
203 926 313 979 futurus
325 926 368 992 sit,
382 942 531 992 caveamus,
553 929 685 993 quantum
705 926 812 980 efficere
829 930 858 980 et
877 944 969 980 conse-

111 1002 162 1068 qui
170 1017 320 1069 possumus,
332 1005 364 1054 ut
375 1018 411 1054 ne
423 1001 517 1069 quod
508 1017 537 1052 m
549 999 653 1053 nobis
645 1001 750 1069 maigne
768 1002 865 1056 vitium
884 1003 968 1056 fuisse

112 1077 228 1130 dicatur
267 1075 365 1164 Neque
377 1093 428 1144 ego
439 1093 510 1129 nunc
527 1076 578 1130 hoc
598 1077 741 1140 contendo,
761 1078 835 1145 quod
853 1078 968 1132 fortasse

111 1143 217 1219 quum
208 1169 237 1205 m
250 1153 322 1206 omni
334 1157 432 1206 natura
444 1152 530 1206 tum'
518 1169 577 1220 Jam
592 1153 620 1205 in
637 1157 699 1206 nost
700 1171 731 1206 ra
747 1157 839 1208 aetate
859 1153 968 1209 difficile

111 1232 162 1295 est,
174 1232 282 1282 mutare
293 1229 420 1293 animum,
433 1231 462 1282 et
475 1229 578 1296 siquid
586 1231 628 1282 est
640 1229 749 1296 penitus
762 1230 873 1283 insitum
885 1232 967 1284 mori-

112 1271 164 1358 bns,
179 1305 208 1358 id
224 1305 315 1359 subito
327 1305 456 1370 evellere3
472 1305 522 1358 sed
537 1308 567 1357 tc
582 1304 650 1357 illud
668 1305 800 1381 admoneo
821 1309 859 1372 ut,
878 1306 901 1358 si
916 1307 968 1362 hoc

59 1425 63 1429 .
111 1381 192 1448 plene
203 1382 290 1436 vitare
301 1399 355 1439 non
371 1385 456 1450 potes,
475 1382 550 1451 quod
566 1385 630 1435 ante
647 1385 795 1450 occupatur
810 1384 915 1436 animus
930 1384 967 1437 ab

112 1457 252 1511 iracundia
262 1475 346 1527 quam
354 1459 499 1526 providere
510 1457 582 1512 ratio
590 1458 681 1526 potuit
692 1476 727 1512 ne
737 1463 921 1528 occuparetur,
934 1465 967 1514 ut

112 1537 141 1586 te
152 1537 216 1587 ante
229 1551 370 1602 compares
381 1534 561 1603 quotidieque
571 1533 703 1587 meditere
712 1534 893 1588 resistendum
906 1552 967 1590 esse

110 1610 282 1675 iracundiae3
299 1627 438 1678 quumque
454 1627 488 1662 ea
499 1610 618 1663 maxime
633 1610 755 1662 animum
769 1614 884 1676 moveat,
905 1613 965 1664 tum

110 1685 163 1739 tibi
176 1702 237 1740 esse
248 1687 456 1755 diligentissime
473 1687 592 1755 lingnam
604 1685 802 1753 continendam,
816 1703 887 1755 qnae
906 1686 965 1755 qui·

110 1762 175 1815 dem
199 1764 266 1815 mihi
289 1764 376 1817 virtus
397 1781 451 1816 non
475 1763 613 1817 interdum
637 1764 725 1816 minor
746 1763 857 1817 videtur
881 1780 962 1831 quam

109 1838 218 1891 omnino
230 1834 383 1893 noniraaci.
418 1840 489 1892 Nam
501 1839 569 1892 illud
586 1843 699 1893 estnon
715 1839 802 1893 solum
820 1840 964 1907 gravitatis

109 1914 162 1968 sed
176 1931 378 1983 nonnumquam
395 1916 479 1969 etiam
496 1915 682 1969 lentitudinis:
699 1914 836 1968 moderari
853 1932 917 1969 vero
935 1918 964 1969 et

108 1991 200 2044 animo
212 1994 241 2044 et
252 1990 376 2058 orationi,
388 2008 473 2059 quum
486 1992 523 2044 sis
538 1992 633 2059 iratus,
653 1995 701 2045 aut
721 1991 805 2045 etiam
824 1994 916 2045 tacere
934 1996 964 2045 et

108 2071 206 2121 tenere
221 2068 250 2119 in
263 2083 311 2119 sua
327 2071 466 2135 potestate
482 2071 587 2120 motum
606 2066 689 2120 animi
709 2070 739 2121 et
759 2066 889 2134 dolorem,
909 2068 963 2121 ctsi

109 2146 219 2197 nonest
239 2143 376 2212 perfectae
395 2144 553 2213 sapientiae,
571 2146 664 2196 tamen
683 2147 798 2197 estnon
817 2144 963 2197 mediocris

109 2219 217 2287 ingenii.
251 2225 293 2274 39.
316 2220 411 2287 Atque
423 2220 450 2272 in
469 2218 520 2272 hoc
540 2234 645 2287 genere
664 2219 750 2272 multo
775 2223 805 2273 te
822 2236 882 2273 esse
901 2219 962 2286 jam

109 2295 322 2350 commodiorem
356 2296 549 2364 mitioremque
582 2295 715 2349 nuntiant.
763 2295 862 2349 Nullae
897 2299 961 2349 tnnc

109 2373 325 2427 vehementiores
345 2372 427 2425 animi
443 2371 644 2437 concitationes,
668 2372 742 2424 nulla
760 2371 907 2425 maledicta
925 2372 961 2425 ad

109 2465 165 2516 nos,
191 2450 281 2503 nullae
300 2448 480 2502 contumeliae
503 2447 697 2516 perferuntur,
718 2463 789 2516 qnae
810 2464 893 2516 quum
914 2446 960 2499 ab·

109 2524 222 2578 horrent
242 2541 259 2578 a
279 2525 324 2578 litt
326 2526 387 2592 cris,
408 2524 443 2577 ab
463 2523 642 2592 humanitate,
662 2527 721 2576 tum
740 2539 806 2577 vcro
825 2524 960 2577 contraria

108 2601 203 2654 sunt'
195 2601 310 2669 rmperio
333 2617 365 2654 ac
389 2600 525 2668 dignitati.
560 2600 632 2655 Nam
657 2600 680 2654 si
701 2599 916 2667 implacabiles
908 2616 960 2651 rra

109 2676 224 2730 cundiae
235 2677 296 2743 sint,
308 2692 414 2729 summa
425 2679 468 2730 est
480 2677 614 2731 acerbitas
624 2676 685 2731 :sin
697 2678 745 2729 aut
746 2692 790 2729 em
733 2672 958 2740 texorabiles,

109 2770 214 2805 summa
224 2752 338 2807 levitas:
350 2768 421 2820 quae
432 2752 585 2807 tamenim
577 2770 606 2806 m
621 2752 700 2805 malis
719 2750 823 2805 acerbit
811 2751 864 2805 tati
884 2755 958 2804 ante

107 2827 234 2895 ponenda
245 2831 296 2881 est.

160 2903 239 2957 XIV.
257 2909 297 2957 40.
316 2903 510 2973 sedquoniam
522 2904 627 2973 primus
643 2920 728 2957 annus
745 2903 841 2956 habuit
857 2902 893 2957 dc
908 2902 958 2956 hac

107 2978 317 3050 reprehensione
327 2980 474 3047 plurimum
485 2980 625 3047 sermonis,
637 2979 719 3032 credo
728 2982 875 3045 propterca
884 2978 959 3046 quod

108 3055 159 3109 tibi
174 3055 313 3109 hominnm
331 3055 455 3124 injuriae,
474 3054 548 3123 quod
565 3054 703 3122 avaritiae,
722 3052 796 3121 quod
814 3053 959 3109 insolentia

107 3135 219 3199 praeter
229 3131 380 3199 opinionem
394 3131 534 3184 accidebat
550 3133 580 3183 et
597 3128 776 3183 intolerabilis
794 3128 958 3197 videbatur3

11 3259 12 3280 3
108 3207 243 3260 secundus
258 3211 351 3260 antem
369 3207 455 3260 multo
474 3206 568 3272 lenior,
587 3204 661 3273 quod
681 3208 712 3258 et
731 3206 907 3269 consuetudo,
927 3212 957 3260 et
