2200 3450
115 173 145 220 ³4
340 166 377 213 M.
396 163 523 213 'runnu
542 163 733 212 CICERONIS

113 248 260 315 disputaris
269 245 336 315 quid
348 246 456 312 sentias,
465 245 580 313 qualem·
586 242 733 311 existimes,
740 259 810 312 quac
818 248 965 315 praecepta

113 322 172 377 des,
191 323 293 377 Sosnv.
305 321 374 376 Mihi
385 337 450 374 vero
460 323 631 390 [pergratum
642 320 722 384 crit];
739 322 824 388 atque
833 320 863 373 id
874 322 966 388 ipsum

112 409 197 465 qumn
209 403 301 452 tecum
313 413 396 465 agero
408 412 528 463 conarer,
542 395 662 449 Fannius
673 396 829 448 antevertit.
867 398 966 461 erams.

112 473 207 526 obrem
220 474 331 541 utrique
343 479 466 526 nostrum
477 475 587 539 gratum
599 470 746 524 admodum
758 471 861 524 feceris.

91 595 94 604 ,
165 549 199 602 V.
219 554 258 606 17.
286 549 371 602 Lana.
390 550 448 616 Ego
468 564 607 601 veronen
626 563 762 615 gravarer,
781 548 804 599 si
821 548 888 600 mihi
904 548 965 617 ipsa

113 624 293 688 confiderem
310 641 372 678 nam
385 627 414 678 et
426 624 565 693 praeclara
576 640 621 677 res
632 627 682 692 est,
695 627 725 678 et
736 641 838 692 snmus,
849 628 882 678 ιιι
893 625 966 679 dixit

115 701 241 767 Fannius,
254 701 341 754 otiosi.
378 699 434 754 Sed
446 700 507 766 quis
519 716 571 767 ego
588 701 665 754 sumi
682 703 730 753 ant
742 717 813 768 quac
824 708 867 758 est
878 703 907 758 in
919 721 972 759 me

113 776 246 830 facultasi
282 776 431 829 Doctorum
444 780 487 829 ost
504 775 559 829 ista
569 775 739 830 consuetudo
750 793 838 845 eaque
850 780 966 831 Gracco-

114 869 173 904 rum
195 857 227 904 nt
246 851 280 903 iis
301 853 419 919 ponatur
439 849 474 904 de
494 867 548 918 qno
563 850 706 919 disputent
725 852 848 919 quamvis
867 852 964 905 subito.

115 926 245 994 Magnum
269 942 337 994 opus
360 929 404 978 est
427 928 545 993 egetque
569 925 770 979 exercitatione
789 943 844 979 non
871 944 963 994 parva.

115 1001 297 1066 Quamobrem
317 1017 387 1069 quae
399 1001 533 1069 disputari
552 1001 588 1054 de
605 1001 726 1054 amicitia
737 1005 858 1070 possunt,
871 1003 905 1054 ab
923 1005 964 1056 cis

113 1093 210 1132 censeo
233 1079 336 1145 petatis
359 1077 405 1144 qui
429 1077 483 1129 ista
501 1075 671 1144 profitentur.
707 1076 765 1144 Ego
788 1094 836 1130 vos
860 1077 964 1130 hortari

113 1155 221 1207 tantum
239 1169 349 1220 possum
370 1155 401 1204 ut
422 1151 570 1204 amicitiam
591 1151 715 1206 omnibus
739 1152 821 1206 rebus
838 1153 964 1206 humanis

113 1228 300 1298 anteponatis:
325 1227 391 1280 nihil
412 1231 454 1280 est
478 1227 552 1281 enim
569 1230 626 1280 tam
653 1232 767 1282 naturae
786 1232 880 1297 aptum
906 1234 963 1282 tam

113 1305 274 1358 conveniens
292 1303 328 1356 ad
347 1303 454 1357 rossel
473 1302 606 1356 secundas
617 1303 660 1357 vel
677 1303 813 1358 adversas.
851 1311 889 1359 18.
908 1305 963 1358 Sed

113 1381 164 1434 hoc
188 1380 306 1449 primum
325 1379 413 1432 sentio
436 1378 490 1432 nisi
513 1380 541 1432 in
564 1379 644 1433 bonis
666 1379 813 1434 amicitiam
832 1396 891 1434 esse
909 1398 963 1433 non

113 1473 207 1526 posse3
223 1471 313 1524 neque
324 1453 355 1507 id
366 1454 402 1507 ad
413 1454 504 1508 vivum
515 1470 616 1522 reseco,
627 1458 660 1508 nt
672 1456 711 1508 illi
729 1456 779 1523 qui
794 1456 861 1509 haec
876 1455 962 1510 subti-

113 1533 166 1586 lius
178 1531 519 1599 disserunt,1'ortassevere
530 1531 581 1584 sed
592 1531 629 1584 ad
637 1547 807 1585 communem
813 1531 962 1586 utilitatem

113 1625 225 1676 parum3
242 1610 343 1674 negant
355 1607 426 1660 enim
438 1622 603 1675 quemquam
615 1606 703 1659 sirum
720 1607 821 1660 bonum
833 1624 893 1661 esse
910 1607 961 1661 nisi

112 1684 272 1753 sapientem.
305 1682 347 1737 Sit
359 1681 399 1736 ita
412 1682 560 1746 saneased
572 1698 633 1736 eam
651 1683 811 1752 sapientiam
828 1684 962 1753 interpre-

112 1763 208 1814 tantur
220 1776 302 1828 quam
314 1758 402 1812 adhuc
414 1757 538 1813 mortalis
554 1775 634 1811 nemo
646 1764 689 1812 est
702 1764 869 1813 consecutus
903 1760 929 1814 N
931 1777 962 1815 os

113 1839 205 1889 autem
226 1851 347 1901 eaquae
364 1837 429 1889 sunt
447 1834 476 1887 iu
494 1850 546 1887 usu
566 1834 677 1903 vitaque
695 1836 838 1903 communi,
857 1854 910 1889 non
928 1854 961 1891 ca

111 1928 184 1980 quae
202 1910 342 1978 finguntur
360 1913 408 1963 aut
422 1913 559 1978 optantur,
571 1914 696 1979 spectare
714 1911 851 1965 debemus.
887 1914 960 1965 Nun-

112 2004 194 2057 quam
214 2003 265 2055 ego
285 1986 373 2039 dicam
392 1986 420 2039 Ο.
432 1984 595 2050 Fabricium,
609 1986 657 2039 Μ’.
671 1986 791 2050 Curium,
804 1988 844 2039 Ti.
858 1988 960 2041 Corun-

112 2064 226 2129 canium,
247 2077 316 2131 qnos
336 2062 472 2130 sapientes
492 2062 578 2113 nostri
599 2060 717 2129 majores
736 2060 906 2129 judicabant,
923 2062 960 2116 ad

26 2131 29 2137 ’
113 2142 227 2193 istorum
246 2154 367 2191 normam
387 2137 471 2191 finisse
487 2137 630 2205 sapientes.
666 2137 756 2201 Quare
774 2138 825 2191 sibi
842 2138 962 2194 habeant

113 2214 262 2282 sapientiae
273 2230 371 2267 nomen
385 2217 414 2266 et
424 2213 585 2267 invidiosum
598 2217 627 2267 et
636 2212 795 2279 obscurum
812 2215 961 2269 concedant

112 2290 260 2345 nthiboni
275 2290 326 2344 viri
342 2289 451 2343 inerint.
486 2288 529 2343 Ne
545 2288 575 2342 id
594 2290 706 2357 quidem
723 2291 833 2346 facient.
870 2292 960 2359 Nega-

114 2367 185 2421 bnnt
195 2367 225 2419 id
237 2366 289 2420 nisi
302 2365 424 2435 sapienti
436 2381 515 2433 posse
527 2366 646 2419 concedi.
683 2372 722 2419 19.
742 2369 864 2434 Agamus
876 2368 961 2435 igitur

114 2441 208 2511 pingui
220 2442 351 2509 Minerva,
362 2444 394 2494 ut
405 2440 490 2494 aiunt.
528 2440 581 2504 Qui
592 2441 631 2493 ita
643 2457 672 2494 se
689 2445 796 2508 gerunt,
808 2440 849 2493 ita
859 2446 961 2506 ιιιιιιιι,

113 2522 146 2571 nt
166 2534 260 2571 eorum
278 2517 410 2583 probetur
431 2515 506 2583 fides,
523 2516 676 2584 integritas,
688 2518 821 2585 aequitas,
842 2517 961 2571 liberali-

113 2600 163 2664 tas,
172 2614 223 2651 noc
230 2596 267 2650 sit
274 2596 302 2649 in
310 2595 349 2651 cis
356 2592 412 2647 ulla
419 2593 555 2661 cupiditas
562 2598 605 2651 vel
612 2596 698 2651 libido
705 2598 749 2651 vel
762 2595 882 2661 audacia,
895 2596 961 2648 sint·

113 2687 168 2738 quc
179 2685 278 2737 magna
289 2669 448 2735 constantia,
459 2672 491 2721 ιιι
503 2669 641 2723 iifuerunt
650 2671 730 2724 modo
740 2687 808 2739 qnos
815 2672 960 2737 nominavi,

113 2747 162 2799 hos
181 2746 252 2799 viros
268 2745 360 2811 bonos,
381 2749 413 2799 ιιι
431 2744 518 2799 habiti
537 2749 608 2813 sunt,
628 2747 667 2799 sic
684 2747 768 2801 etiam
785 2747 961 2815 appellandos

113 2826 247 2889 putemus,
276 2822 341 2890 qnia
370 2824 518 2890 sequantur
548 2826 680 2889 quantum
702 2823 825 2877 homines
847 2828 963 2893 possunt

113 2899 239 2950 naturam
251 2898 380 2965 optimam
398 2897 468 2950 bene
479 2896 586 2951 vivendi
605 2898 708 2952 ducem.
743 2900 788 2954 Sic
805 2901 878 2953 enim
896 2900 964 2953 mihi

98 2966 268 3039 'perspicere
286 2974 388 3041 uidcor,
407 2973 447 3025 ita
464 2975 543 3027 natos
565 2989 624 3025 essc
648 2992 697 3027 nos
720 2982 752 3028 nt
776 2977 850 3030 inter
868 2993 963 3030 omnes

114 3050 188 3100 esset
199 3048 314 3101 societas
323 3048 464 3133 quaedam,
473 3063 561 3114 major
569 3052 661 3102 autem
669 3053 700 3103 ut
710 3052 827 3119 quisque
837 3053 963 3141 proxime

114 3122 263 3178 accederet
300 3125 399 3193 Itaque
419 3123 490 3175 cives
508 3122 628 3189 potiores
646 3141 728 3192 quam
743 3128 888 3193 peregrini,
900 3144 963 3197 pro

113 3198 208 3268 pinqni
227 3216 309 3267 quam
328 3197 426 3253 alieni:
453 3211 514 3249 cum
538 3194 582 3249 his
600 3198 671 3251 enim
692 3200 840 3254 amicitiam
863 3205 964 3256 natura
