2200 3450
130 188 178 236 102
359 183 397 235 M.
416 179 542 234 TULLII
559 181 750 234 CICERONIS

103 277 108 287 ⁴
129 284 163 323 ea
174 267 251 338 copia
262 283 333 335 quae
346 267 465 321 Athenis
476 269 538 321 erat
554 265 637 322 finnus
652 267 678 322 ei
695 267 764 322 satis
779 265 899 337 amplum
917 266 982 323 fadi-

129 343 231 398 endum
255 343 354 397 curavi.
384 343 439 397 ‘Ab
463 342 679 397 Atheniensibus
706 342 796 397 locum
825 344 982 413 sepulturae

128 422 203 475 intra
217 419 316 474 urbem
331 423 363 473 ut
379 418 479 472 darrent
494 419 645 486 impetrare
656 435 711 475 non
727 420 813 489 potui,
825 420 901 489 quod
919 421 982 476 reli-

128 497 210 564 gione
233 512 263 550 se
286 495 414 563 impediri
442 494 580 562 dicerent;
609 513 701 565 neque
728 501 821 550 tamen
845 497 875 550 id
901 501 983 552 antea

129 573 257 640 cuiquam
267 575 467 627 concesserant.
502 572 583 636 Quod
594 573 748 641 proximum
759 572 821 640 fuit,
834 575 875 627 uti
887 574 914 627 in
927 589 982 644 quo

129 649 261 703 vellemus
271 647 410 717 gymnasio
424 664 489 702 eum
505 647 683 717 sepeliremus
699 649 778 703 nobis
789 650 980 718 permiserunt.

105 768 110 775 ,
130 725 188 778 Nos
199 725 228 778 in
239 723 407 779 nobilissimo
419 723 494 778 orbis
509 727 647 779 terrarum
663 726 802 794 gymnasio
814 727 982 781 Academiae

129 801 218 854 locum
236 800 391 869 delegimus
407 799 503 868 ibique
519 817 583 855 eum
598 802 813 870 combussimus;
830 808 981 872 posteaque

128 877 284 930 curavimus
300 879 333 929 ut
350 876 435 929 iidem
444 876 635 932 Athenienses
652 879 680 932 in
690 879 795 935 'eodem
812 881 871 934 loco
887 883 981 935 monuss

129 955 252 1005 mentum
268 952 294 1005 ei
308 967 491 1006 marmoreum
507 954 662 1008 faciendum
680 956 808 1011 locarent
846 957 891 1010 Ita
909 974 981 1027 quae

130 1030 225 1081 nostra
239 1027 327 1081 officia
339 1027 452 1080 fuerumt
467 1044 518 1118 pro
536 1029 648 1099 collegio
661 1035 690 1086 et
707 1049 758 1101 pro
775 1033 980 1103 propinquitate

129 1106 159 1156 et
170 1103 232 1157 vivo
243 1106 273 1157 et
285 1107 393 1157 mortuo
405 1105 496 1158 omnia
507 1104 533 1158 ei
542 1107 739 1174 praestitimus
776 1109 853 1164 Vale.
890 1108 923 1170 Ι).
938 1126 978 1179 pr,

131 1176 193 1233 Kal
206 1178 272 1234 Iun.
286 1179 410 1234 Athenis

318 1299 356 1346 12
391 1299 546 1350 SERVIUS
563 1301 739 1363 CICERONI,
758 1303 783 1352 S.

408 1397 454 1457 (ιν.
467 1400 490 1446 5.
525 1410 552 1445 Δ.
566 1411 590 1447 ιι.
604 1410 626 1448 e.
640 1399 707 1462 709.)
788 1443 789 1448 ,

130 1479 314 1549 Posteaquam
336 1476 404 1532 mihi
427 1479 615 1533 renuntiatum
638 1483 682 1534 est
705 1480 740 1534 da
764 1479 843 1536 obitu
866 1479 978 1548 Itulliae,

130 1557 202 1611 filiae
223 1559 553 1624 tuae‚sanequan1pro
573 1571 607 1610 eo
625 1572 658 1610 ao
678 1555 761 1610 debui
781 1557 903 1625 graviter
921 1573 978 1612 me
1008 1607 1014 1616 .

98 1667 106 1680 .
130 1631 256 1701 lesteque
278 1630 339 1699 tuli,
362 1645 590 1699 communemque
613 1647 674 1685 eam
697 1632 881 1686 calamitatem
905 1633 977 1688 exis·

130 1709 240 1774 timavi3
264 1707 313 1777 qui
336 1706 441 1761 siistic
460 1705 617 1774 adfuissem,
641 1723 730 1777 nequo
743 1705 805 1764 tibi
829 1708 977 1765 defuissem

129 1801 277 1854 coramque
287 1800 380 1837 meum
392 1782 514 1837 dolorem
530 1783 583 1837 tibi
595 1783 783 1839 declarasscm.
819 1785 880 1839 Etsi
890 1802 977 1854 genus

129 1860 181 1915 hoc
196 1859 387 1914 consolationis
410 1859 541 1913 miserum
559 1862 645 1929 atque
665 1860 793 1917 acerbum
811 1865 869 1927 est3
895 1878 976 1931 prop

128 1939 208 1990 tem
225 1935 291 2005 quia*
311 1950 361 2023 per
377 1950 448 2023 qnos
466 1951 500 1989 ca
514 1934 627 1989 confieri
646 1935 737 2005 debet,
757 1938 927 2007 propinquos
945 1955 977 1992 ac

129 2011 286 2078 familiares,
308 2010 362 2079 ipsi
389 2000 449 2079 pari
474 2011 600 2065 molestia
628 1977 782 2066 afficimr'tur
804 2029 895 2082 neque
919 2014 977 2068 sino

129 2087 250 2142 lacrimis
264 2086 360 2140 multis
376 2085 408 2139 id
427 2086 518 2139 oonari
534 2091 658 2153 possunt,
677 2088 719 2142 uti
732 2089 820 2157 magis
833 2089 886 2158 ipsi
902 2089 976 2144 vido-

130 2169 213 2219 anhrr
233 2162 350 2218 aliorum
367 2161 549 2239 consolatione
569 2162 694 2231 indigere
712 2180 794 2232 qnam
812 2164 872 2219 aliis
896 2182 977 2235 posse

130 2256 210 2295 suurn
227 2239 344 2295 odicium
360 2242 515 2310 praestare;
538 2241 631 2292 tamen
648 2256 720 2307 quae
732 2241 761 2295 in
777 2242 932 2310 praesentia
947 2242 975 2296 in

130 2321 250 2373 mentem
260 2315 327 2370 mihi
339 2317 481 2383 venerunt,
492 2315 602 2369 decrevi
613 2314 691 2369 brevi
703 2315 739 2370 ad
750 2320 780 2370 te
791 2316 961 2387 perscribere
970 2340 976 2383 ;

129 2392 435 2463 nonquoeatefugere
443 2391 607 2458 existimem,
617 2391 667 2446 sed
675 2392 749 2461 quod
758 2392 871 2447 forsitan
881 2394 976 2450 dolore

128 2470 279 2539 impeditus
297 2468 391 2522 minus
409 2484 443 2522 ea
460 2468 617 2537 perspicias.
653 2468 726 2533 Quid
744 2474 787 2523 est
805 2469 880 2537 quod
898 2473 976 2524 tanto

128 2562 212 2615 opere
236 2548 267 2599 te
289 2548 458 2599 commoveat
480 2547 546 2598 tuus
570 2544 648 2598 dolor
672 2545 843 2601 intestinus?
879 2545 976 2613 Cogita

128 2620 360 2691 quemadmodum
372 2620 463 2674 adhuc
472 2620 584 2674 fortuna
594 2620 734 2675 nobiscnm
746 2621 842 2689 egerit,
854 2639 887 2676 ea
898 2622 976 2677 uobis

129 2701 226 2768 crepta
237 2714 297 2752 esse
309 2714 381 2767 quae
396 2695 552 2751 hominibus
564 2712 618 2751 non
628 2696 718 2751 minus
730 2714 812 2767 quam
822 2698 901 2752 liberi
913 2715 976 2753 esra

129 2791 191 2830 csse
205 2773 317 2841 debent,
333 2774 459 2843 patriam,
473 2772 653 2841 honestatem,
671 2773 842 2842 dignitatem,
860 2774 976 2831 honores
1087 2796 1088 2830 ι

129 2866 231 2905 omncs
260 2850 323 2905 Hoc
340 2866 396 2905 uno
414 2850 586 2903 incommodo
603 2849 700 2904 uddIto
717 2850 785 2919 quid
800 2850 837 2904 ad
854 2852 976 2907 dolorem

128 2926 245 2997 adjungi
256 2926 365 2996 pmuitl
390 2930 440 2981 aut
459 2927 508 2995 qui
523 2942 577 2980 non
592 2926 621 2980 in
637 2926 692 2981 illis
709 2926 794 2982 rebus
809 2928 976 2984 exercitatus

129 3003 351 3059 animusnallere
365 3001 426 3071 jam
444 3002 633 3073 debetatquc
654 3003 745 3058 munia
762 3004 875 3059 minoris
895 3006 977 3061 aesti-

129 3082 225 3137 maret
253 3080 301 3136 An
315 3079 390 3137 illius
401 3080 496 3146 neem,
510 3079 601 3148 credo,
616 3080 692 3135 doles
701 3081 718 3135 l·
748 3079 861 3146 Quoties
872 3082 900 3135 in
915 3098 976 3136 earn

129 3156 321 3225 cogItatlonem
341 3173 453 3211 neocme
473 3161 517 3211 est
536 3160 567 3211 et
585 3160 617 3211 tu
637 3156 753 3224 venans,
774 3160 803 3213 et
821 3174 871 3212 nos
893 3173 977 3229 saepe

128 3232 281 3299 incidimus,
298 3234 373 3287 hisee
391 3232 563 3301 temporibus
573 3250 632 3287 non
644 3234 767 3301 'pessimo
782 3250 844 3287 cum
862 3232 897 3287 iis
913 3248 976 3288 csse
