2200 3450
358 188 447 238 CATO
465 188 597 238 Mauou.
631 189 707 237 CAP.
728 187 804 236 xvi.
975 187 1003 234 19

155 271 228 326 enim
247 287 300 325 non
319 271 398 339 longe
417 288 433 324 a
452 288 504 338 me,
526 271 657 326 admirari
676 270 744 323 satis
761 286 815 323 non
833 284 943 337 possum
960 267 1005 321 vel

155 347 270 400 hominis
287 347 371 414 ipsius
387 347 580 400 continentiam
597 347 640 399 vel
656 351 812 414 temporum
829 344 1005 412 disciplinam.

155 423 237 476 Curio
250 423 286 476 ad
299 423 388 475 focum
404 423 511 476 sedenti
528 439 657 489 magnum
669 422 729 474 auri
746 421 853 489 pondus
870 420 1006 474 Samnites

154 516 237 565 quum
252 499 418 565 attulissent,
436 498 574 566 repudiati
592 501 671 561 snnt;
691 514 743 549 nen
761 498 832 550 cnim
847 514 943 549 aurum
961 495 1006 547 ha·

154 573 218 628 bere
233 575 401 643 praecluum
420 574 473 626 sibi
489 575 576 626 videri
590 574 670 639 dixit,
694 574 745 627 sed
759 573 793 626 iis
809 573 856 641 qui
873 572 1006 625 baberent

154 667 249 703 aurum
263 652 404 718 imperare.
439 655 479 704 56.
499 650 648 704 Poteratne
660 654 755 704 tantus
768 650 873 702 animus
885 665 937 700 nou
950 649 1005 701 effi-

154 743 216 780 cere
224 726 375 794 jucundam
388 728 576 780 senectuteml
614 725 669 779 Sed
682 726 760 779 venio
773 725 809 778 ad
820 723 959 792 agricolas,
971 741 1005 776 ne

154 820 228 856 ame
242 804 300 871 ipso
320 802 452 856 recedam.
493 802 527 855 In
546 803 620 870 agris
638 806 718 856 crant
736 805 796 854 tum
813 799 960 866 senatores,
976 800 1006 852 id

154 883 197 932 est
209 896 302 944 senes;
321 879 457 947 siquidem
475 880 565 934 aranti
582 879 612 932 h.
626 878 752 942 Quinctio
765 878 926 930 Cincinnato
940 893 1006 928 nun-

154 951 252 1008 datum
265 960 307 1008 est
320 972 382 1008 eum
396 955 559 1008 dictatorem
573 972 632 1008 esse
648 955 758 1018 facturn,
772 954 850 1022 cujus
862 953 1005 1006 dictamus

154 1030 230 1097 iussu
247 1033 378 1100 magister
391 1032 515 1100 equitum
530 1031 559 1084 O.
573 1031 703 1084 Servilius
718 1031 805 1083 Ahala
817 1030 862 1098 Sp.
875 1029 1004 1082 Maelium

154 1123 268 1175 regnum
287 1112 462 1176 appetentem
484 1110 646 1176 occupatum
665 1107 812 1160 interemit.
848 1111 874 1160 A
894 1105 1004 1159 villain

155 1189 277 1237 senatum
290 1184 497 1237 arcessebantur
511 1187 540 1237 et
550 1184 650 1237 Curius
663 1187 692 1237 et
704 1184 789 1237 ceteri
801 1201 888 1248 serres,
902 1199 937 1236 ex
950 1199 1004 1250 quo

155 1261 201 1328 qui
215 1277 261 1313 eos
273 1261 448 1314 arcessebant
461 1261 581 1314 viatores
593 1261 726 1313 nominati
738 1263 808 1313 sunt.
833 1261 859 1313 N
861 1277 907 1312 um
919 1259 1004 1327 igitur

155 1335 249 1389 horum
267 1341 391 1390 senectus
403 1336 567 1390 miserabilis
584 1336 636 1389 fuit
649 1336 695 1404 qui
712 1351 741 1389 se
756 1331 814 1402 agri
827 1336 945 1390 cultione
957 1335 1004 1386 ob-

155 1412 308 1466 lectabantl
345 1412 409 1465 Mea
427 1412 539 1480 quidem
559 1412 695 1464 sententia
712 1411 787 1464 haud
806 1412 860 1465 scio
878 1428 912 1464 an
930 1411 1004 1462 nulla

155 1487 260 1542 beatior
276 1489 362 1557 possit
379 1504 447 1554 esse,
462 1503 551 1555 neque
568 1487 655 1540 selum
668 1486 761 1550 officio,
775 1488 849 1553 quod
864 1487 1004 1539 hominum

155 1565 247 1632 generi
267 1566 392 1617 universo
412 1563 520 1617 cultura
541 1579 669 1630 agrorum
690 1567 732 1615 est
751 1563 886 1629 salutaris,
905 1562 954 1615 sed
975 1567 1004 1615 et

155 1641 335 1694 delectatione
355 1655 438 1708 qnam
460 1639 525 1704 dixi,
546 1643 575 1692 et
597 1639 742 1691 saturitate
762 1639 893 1707 copiaque
912 1655 1003 1691 rernm

156 1718 275 1771 emnium
297 1734 366 1786 quae
390 1716 426 1769 ad
447 1717 548 1769 vietum
574 1715 720 1783 hominum,
740 1716 775 1769 ad
796 1716 899 1770 cultum
921 1716 1003 1770 etiarn

156 1793 269 1845 deorum
288 1792 441 1861 pc1·tinent;
472 1797 510 1856 ut,
529 1793 656 1861 quostiam
675 1792 743 1847 haec
765 1793 877 1863 quidam
897 1792 1003 1846 deside-

156 1874 225 1934 rant,
241 1870 396 1937 ingratiam
406 1870 463 1936 jam
477 1886 538 1922 cum
552 1869 690 1936 voluptate
704 1871 856 1924 redeamus.
892 1871 1004 1937 Semper

155 1947 227 1998 cuim
244 1946 306 1999 boni
324 1946 479 2014 assiduique
492 1945 596 1998 demini
613 1946 715 2000 referta
731 1947 798 2000 cella
809 1947 920 2011 vinaria,
933 1946 1004 1997 olea-

154 2024 202 2085 ria,
218 2024 299 2076 ctiam
314 2023 425 2091 penaria
439 2028 489 2087 cst,
503 2022 622 2090 villaque
637 2026 697 2076 tota
711 2023 831 2091 locuples
847 2026 903 2075 est:
920 2020 1004 2074 abun·

155 2099 203 2151 ua
215 2116 303 2167 porco,
317 2100 411 2165 haedo,
424 2115 501 2167 agno,
514 2098 622 2165 gallina,
636 2098 714 2165 laete,
727 2116 814 2164 casco,
827 2098 915 2151 melle.
938 2098 957 2150 J
960 2114 1003 2150 am

155 2176 262 2228 hortum
276 2178 326 2244 ipsi
340 2176 474 2243 agricolae
484 2173 633 2227 succidiam
642 2174 756 2227 alteram
767 2173 912 2242 appellant.
935 2173 1004 2226 (lon-

155 2252 255 2305 ditiora
273 2253 338 2305 lacit
355 2252 422 2304 hace
441 2250 635 2319 supervacanei
654 2252 737 2303 etiam
753 2250 842 2317 operis
859 2249 1002 2316 aucupium

155 2333 238 2396 atque
257 2330 370 2381 venatio
407 2332 447 2384 57.
479 2326 552 2391 Quid
574 2326 609 2379 de
630 2331 771 2395 pratorum
793 2325 932 2377 viriditate
955 2328 1003 2377 aut

154 2404 282 2457 arborum
306 2404 446 2457 ordinibus
468 2407 515 2455 aut
536 2404 673 2455 vincarum
695 2402 889 2454 olivetorumve
914 2402 1003 2467 speeie

155 2480 259 2533 dicaml
298 2480 378 2532 Brevi
396 2480 566 2547 praecidam:
585 2495 651 2545 agro
663 2479 732 2530 beno
744 2476 816 2530 culto
829 2476 895 2527 nihil
911 2483 1003 2544 potest

155 2573 215 2609 esse
230 2572 280 2608 nec
296 2573 345 2608 usu
359 2556 469 2608 uberius
486 2571 536 2606 nec
552 2555 783 2622 specie-ornatius,
801 2553 836 2604 ad
852 2569 931 2619 quem
949 2552 1002 2604 fru-

155 2633 256 2687 endum
279 2649 332 2684 non
358 2632 510 2685 laudunen
534 2631 666 2697 retardat,
686 2647 779 2683 verum
799 2630 882 2683 etiam
903 2630 1003 2683 invitat

155 2712 239 2777 atque
251 2709 361 2761 allectat
374 2712 505 2761 senectus.
542 2706 598 2759 Ubi
613 2707 685 2760 enim
699 2710 792 2775 petest
805 2705 852 2758 illa
865 2709 940 2758 aetas
955 2710 1003 2759 aut

155 2786 288 2841 calescere
306 2786 347 2837 vel
370 2786 536 2852 apricatione
556 2783 654 2836 melius
673 2783 716 2835 vel
734 2782 798 2850 igni,
818 2786 866 2834 aut
885 2781 1002 2834 vicissim

155 2862 258 2915 unrbris
276 2863 388 2931 aquisve
407 2862 564 2928 refrigerari
584 2860 718 2913 salubrius
726 2862 739 2928 l
771 2865 812 2913 58.
842 2858 898 2912 Sibi
918 2858 1003 2925 igitur

155 2924 273 2991 habeant
296 2956 378 3001 arma,
399 2938 450 2990 sibi
472 2954 564 3005 equos,
585 2936 637 2987 sibi
660 2935 760 3001 hastas,
781 2935 832 2987 sibi
852 2934 954 2987 clavam
974 2937 1003 2987 et

155 3014 245 3082 pilam,
266 3014 318 3067 sibi
337 3014 490 3067 natationes
509 3016 594 3079 atque
613 3028 720 3063 cursus:
744 3010 822 3063 nobis
840 3009 949 3061 senibus
968 3025 1003 3060 ex

154 3090 303 3144 lusionibus
325 3091 418 3143 multis
440 3090 510 3141 talos
532 3087 688 3153 relinquant
710 3089 739 3137 et
757 3090 892 3148 tesseras;
917 3083 947 3135 id
963 3082 1005 3149 ip

155 3184 214 3220 snm
233 3174 262 3219 ul
281 3167 362 3219 lubeb
375 3174 393 3228 t,
412 3166 539 3233 <pusulam
559 3163 617 3213 sine
635 3162 677 3212 uis
694 3161 777 3213 beata
797 3176 857 3212 esse
879 3160 1005 3224 senectus

154 3250 253 3313 potest.
