2200 3450
345 157 398 205 AD
416 157 590 216 QUINTUM
607 157 791 208 FRATREM.
958 164 987 208 63

136 241 261 293 Allienus
273 242 366 292 autem
379 241 475 292 noster
490 241 533 292 est
550 255 636 306 quum
651 237 742 291 animo
753 241 783 293 et
797 237 989 294 benevolentia

134 320 195 369 tum
209 331 274 368 vero
289 315 373 368 etiam
389 314 542 367 imitatione
558 313 675 366 vivendi.
711 315 784 368 Nam
800 314 869 383 quid
884 332 935 382 ego
952 315 988 370 de

135 391 262 444 Gratidio
274 390 382 444 dicaml
401 407 483 460 quem
495 394 572 444 certo
584 391 639 443 scio
651 391 691 444 its
703 390 827 444 laborare
843 391 879 445 de
895 392 988 445 existi-

24 465 28 468 ’
135 467 254 519 metione
265 483 315 519 sua
326 470 359 519 ut
370 470 484 534 propter
496 482 617 518 amorem
630 466 658 518 iu
673 483 722 519 nos
736 467 888 520 fraternum
904 468 987 521 etiam

135 541 171 596 de
183 544 277 595 nostra
287 541 402 595 laboret
428 548 467 595 11.
480 542 659 606 Quaestorem
671 541 757 594 habes
766 559 820 594 non
829 542 988 611 tuojudicio

136 617 273 672 delectum
288 617 338 671 sed
354 635 417 672 eum
433 634 516 687 quem
533 634 593 671 sors
611 617 696 672 dedit,
733 618 815 672 Hunc
832 622 942 687 oportet
959 623 989 674 et

135 711 185 747 sua
201 697 298 762 sponte
313 711 373 748 esse
391 694 573 763 moderatum,
591 698 620 748 et
637 694 693 748 tuis
711 694 846 748 institutis
863 712 895 749 ac
910 711 988 764 prse-

135 770 223 838 ceptis
235 771 431 840 obtemperare
468 771 590 844 Quorum
606 770 630 824 si
646 771 708 839 quis
724 771 796 824 forte
812 774 886 826 esset
902 770 989 826 sordi-

135 846 204 914 dior,
221 847 308 901 ferres
325 853 438 903 eatenus
456 847 547 918 quoad
564 864 615 917 per
633 864 663 901 se
680 848 833 916 negligeret
850 864 896 902 eas
913 847 989 916 leges

135 921 237 990 quibus
254 928 327 978 esset
344 925 510 990 adstrictus;
527 941 582 978 non
600 928 633 978 ut
650 940 683 978 ea
700 927 839 992 potestate
857 940 939 993 quam
955 926 989 977 tu

136 998 174 1052 sd
210 998 376 1067 dignitatem
411 1001 583 1070 permisisses
612 999 648 1053 od
681 1004 824 1069 quaestum
855 1003 989 1053 uteretur.

136 1073 235 1142 Neque
258 1077 331 1129 enim
354 1077 422 1130 mihi
445 1094 511 1131 sane
533 1077 631 1146 placet,
658 1076 820 1145 praesertim
847 1091 932 1144 quum
960 1075 989 1128 hi

136 1166 226 1205 mores
243 1155 352 1205 tautum
367 1152 426 1219 jam
444 1154 481 1206 ad
501 1152 613 1206 nimiam
633 1151 776 1206 lenitatem
796 1154 826 1206 et
847 1150 884 1204 ad
903 1149 989 1204 ambi-

135 1226 239 1280 tionem
252 1227 434 1295 incubuerint,
449 1229 565 1282 scrutari
582 1232 611 1282 te
628 1245 722 1282 omnes
738 1227 842 1295 sordes,
858 1229 988 1281 excutere

136 1319 219 1355 unum
233 1320 370 1373 quemque
387 1322 488 1372 eorum,
502 1305 553 1358 sed
565 1308 669 1373 quanta
685 1304 722 1357 sit
738 1303 766 1357 in
783 1320 894 1373 quoque
910 1303 988 1371 fides,

135 1382 245 1433 tautum
259 1380 359 1449 cuique
373 1381 552 1436 committere.
590 1383 686 1449 Atque
700 1381 773 1434 iuter
786 1380 844 1446 hos,
859 1396 906 1432 eos
920 1396 989 1448 quos

135 1453 189 1508 tibi
203 1456 316 1509 comites
329 1460 360 1510 et
375 1458 517 1527 adjutores
533 1457 705 1525 negotiorum
721 1456 891 1524 publicorum
908 1454 989 1509 dedit

135 1529 196 1599 ipsa
212 1548 257 1585 res
274 1533 389 1600 publici,
409 1534 554 1587 dumtaxat
572 1534 672 1586 finibus
693 1534 726 1586 iis
747 1532 898 1600 praestabis
919 1547 988 1600 quos

135 1611 201 1661 aute
212 1608 380 1675 praescripsi.

190 1684 240 1737 IV.
262 1690 301 1738 12.
320 1685 394 1750 Quos
405 1698 471 1738 vero
483 1686 533 1737 aut
543 1698 579 1737 ex
591 1682 750 1737 domesticis
766 1681 989 1752 convictionibus,

136 1763 185 1814 aut
196 1778 232 1814 ex
242 1762 403 1815 necessariis
413 1758 628 1831 apparitionibus
639 1763 731 1814 tecum
742 1777 802 1814 esse
814 1760 931 1826 voluisti,
941 1760 989 1828 qui

135 1837 215 1905 quasi
230 1854 266 1890 ex
281 1838 392 1892 cohorte
407 1837 542 1905 praetoris
558 1836 697 1905 appellari¹
706 1832 803 1905 solent,
819 1837 916 1889 horum
934 1853 989 1889 non

136 1912 217 1966 modo
237 1914 311 1967 faeta
331 1914 381 1967 sed
404 1913 488 1966 etiarn
511 1912 586 1965 dicta
609 1912 699 1966 omnia
722 1913 887 1981 praestanda
909 1912 989 1966 uobis

137 1992 208 2041 sunt.
243 1989 299 2043 Sed
312 1989 398 2043 habes
413 2006 459 2042 eos
472 1991 564 2041 tecum
579 2004 648 2055 quos
664 1989 751 2056 possis
767 1992 844 2043 recte
857 1988 989 2043 facientes

136 2064 215 2117 facile
237 2064 370 2133 diliger03
393 2065 482 2118 minus
505 2064 677 2117 consulentes
703 2065 898 2120 existimationi
923 2068 989 2118 tuae

136 2139 262 2195 facillime
278 2158 420 2207 coercere;
438 2158 455 2194 a
472 2141 572 2207 quibus
589 2141 667 2193 rudis
685 2158 770 2209 quum
788 2158 862 2195 esses
879 2140 989 2193 videtur

136 2217 259 2283 potuisse
274 2221 323 2271 tua
338 2218 488 2271 liberalitas
504 2216 609 2284 decipi:
626 2233 689 2269 nam
705 2220 737 2270 ut
753 2217 869 2283 quisque
886 2219 929 2270 est
947 2216 989 2268 vir

137 2293 264 2361 optimus,
278 2294 318 2347 ita
333 2293 489 2346 difficillime
505 2310 565 2345 esse
580 2292 647 2344 alios
663 2292 801 2359 improbos
818 2291 989 2359 suspicatur:

137 2384 209 2421 nunc
219 2386 284 2422 vero
297 2370 395 2423 tertius
407 2368 451 2422 hic
464 2386 550 2421 annus
563 2367 664 2420 habeat
676 2367 865 2434 iutegritatem
874 2366 988 2420 eandem

137 2461 220 2512 quam
247 2446 408 2511 superiores,
433 2445 583 2496 cautiorem
613 2444 695 2497 etiam
725 2461 756 2497 ac
781 2442 987 2510 diligentiorem.

139 2524 179 2572 13.
197 2519 259 2572 Sint
270 2537 350 2573 aures
362 2523 427 2573 tuae
443 2537 513 2588 quae
528 2519 559 2572 id
575 2520 650 2589 quod
665 2519 782 2573 audiunt
798 2520 989 2582 existimentur

136 2594 240 2659 audire,
261 2612 316 2647 non
336 2596 365 2648 iu
386 2613 455 2664 quos
475 2596 539 2650 ficte
560 2600 589 2649 et
610 2596 736 2651 simulate
757 2600 887 2666 quaestus
908 2612 989 2651 causa

135 2670 329 2726 insusurretur.
353 2672 397 2725 Sit
414 2672 511 2726 anulus
529 2676 594 2727 tuus
615 2690 668 2727 non
688 2677 720 2730 ut
740 2690 788 2728 ves
808 2673 919 2743 aliquod
941 2673 989 2726 sed

136 2751 277 2815 tamquam
295 2749 355 2816 ipse
372 2752 421 2814 tu;
438 2766 492 2802 nou
509 2750 636 2804 minister
652 2750 756 2805 alienae
773 2750 922 2804 voluntatis
940 2750 990 2803 sed

110 2882 117 2893 .
137 2826 215 2877 testis
227 2829 300 2879 tuae.
336 2827 475 2879 Ascensus
487 2827 523 2879 sit
541 2844 573 2879 eo
590 2844 703 2881 numero
719 2844 774 2895 quo
791 2842 854 2879 eum
871 2824 989 2893 majores

136 2900 222 2952 nostri
237 2920 297 2955 esse
312 2903 465 2969 voluerunt,
481 2905 528 2971 qui
543 2904 593 2956 hoc
608 2920 661 2957 non
677 2904 706 2956 in
722 2902 848 2957 beneficii
864 2900 923 2955 loco
941 2902 989 2954 sed

135 2974 164 3025 in
188 2975 289 3030 laboris
312 2996 345 3032 nc
368 2980 489 3034 muneris
512 2997 567 3033 non
590 2985 696 3033 temere
719 2980 772 3034 nisi
799 2978 907 3032 libertis
933 2978 990 3029 suis
1032 2982 1036 2991 '
1093 2980 1094 2983 ’

136 3050 316 3121 deferebant3
340 3057 440 3123 quibus
463 3057 503 3110 illi
528 3056 641 3125 quidem
663 3072 717 3110 non
739 3056 826 3111 multo
855 3070 932 3107 secus
958 3068 990 3103 sc

136 3126 223 3180 sorvis
234 3129 411 3198 imperabant.
442 3133 486 3186 Sit
497 3133 577 3185 lictor
588 3150 642 3187 non
655 3149 720 3187 suae
732 3134 780 3186 sed
792 3134 857 3186 tuae
868 3128 990 3183 lenitatis

135 3206 295 3272 appasiitiri
311 3207 471 3277 maJ'oraque
487 3209 646 3277 praeierant
662 3208 749 3262 fasces
769 3206 810 3259 illi
830 3221 861 3257 ac
882 3219 990 3257 secures
1093 3202 1094 3237 3
