2200 3450
124 153 154 200 40
355 151 393 202 M.
412 152 540 202 TULLII
558 154 750 206 CICERONIS

123 231 210 286 tari
188 249 212 287 ιι
223 233 252 288 in
264 233 374 289 honoris
385 236 588 290 contentionem
599 236 772 294 incidissent:
784 243 892 328 pestem
904 243 978 298 euim
1089 292 1091 301 ι

121 306 222 366 nullam
239 311 371 381 majorem
390 329 450 368 esse
484 311 513 365 in
531 313 659 368 amicitiis
682 331 765 383 quam
788 316 817 369 in
839 317 979 388 plenisque

123 389 254 457 pecuniae
281 387 469 456 cupiditatem,
494 389 522 442 in
546 389 657 458 optimis
681 391 836 460 quibusque
866 393 978 448 honoris

8 497 9 500 =
123 467 263 518 certamen
277 467 306 517 et
317 463 435 531 gloriae
452 480 486 517 ex
497 481 553 534 quo
572 464 729 520 inimicitias
747 470 881 523 maximas
895 487 977 539 saepe

8 579 9 606 ,
123 541 196 594 inter
207 538 384 593 amicissimos
399 540 544 594 exstitisse
581 547 621 596 35.
640 541 743 610 Magna
761 543 844 597 etiam
862 545 977 600 discidia

8 639 9 646 ι
123 619 153 670 ct
165 615 325 684 plerumque
333 614 412 683 justa
423 616 505 684 nasci,
519 634 605 686 quum
623 618 727 685 ahquid
741 619 776 674 ab
791 621 884 674 amicis
887 623 976 710 ’qnod

122 695 228 746 rectum
240 708 294 745 non
310 695 386 746 esset
401 692 597 762 postularetur,
613 695 646 746 ut
657 697 706 747 aut
721 694 854 750 libidinis
851 696 975 750 ministrs

8 805 10 812 .
122 771 171 822 aut
182 766 325 836 adjutores
336 771 429 822 essent
441 767 477 820 ad
488 767 624 837 iujuriam.
660 769 740 833 Quod
751 771 799 838 qui
810 778 977 839 recusarent,

122 842 246 914 quamvis
258 841 374 897 honeste
385 843 414 896 id
426 843 556 910 facerent,
572 843 621 913 jus
632 848 725 899 tamen
743 846 880 902 amicitiae
898 848 976 901 dese-

121 934 184 973 rere
208 922 391 985 arguerentur
407 918 443 971 ab
461 919 494 972 iis
520 920 621 988 quibus
638 920 753 990 obsequi
770 921 891 988 nollent;
914 923 977 976 illos

10 1006 11 1010 ’
122 997 223 1061 autem,
236 993 283 1061 qui
296 993 405 1062 quidvis
416 993 452 1047 ab
464 994 550 1048 amieo
558 995 693 1056 auderent
700 997 848 1066 postulare,
856 999 977 1066 postula-

122 1071 197 1125 tione
209 1071 269 1138 ipsa
280 1069 404 1137 profiteri
416 1070 507 1123 omnia
518 1087 549 1124 se
565 1072 646 1125 amici
663 1088 744 1126 causa
761 1088 821 1128 esse
833 1073 976 1130 facturos:

122 1162 217 1199 eorum
234 1145 347 1213 quercla
357 1146 523 1200 inveteratas
541 1163 597 1200 non
612 1147 695 1202 modo
712 1148 912 1204 familiaritates
931 1167 977 1203 cx-

123 1221 224 1289 stingui
237 1221 332 1289 solere,
345 1220 489 1276 sedetiam
510 1222 575 1276 odia
593 1223 670 1291 gigni
690 1225 863 1292 sempiterna
898 1225 976 1280 Haec

122 1297 162 1352 ita
173 1297 261 1351 multa
270 1296 347 1366 quasi
364 1297 421 1350 lata
431 1297 592 1366 impendere
607 1299 735 1354 amicitiis
753 1303 785 1354 ut
802 1301 892 1354 omnia
914 1300 976 1354 sub

123 1373 262 1441 terfugere
280 1389 334 1426 non
354 1371 434 1426 modo
447 1372 598 1442 sapientiae
614 1373 665 1428 sed
682 1375 766 1428 etiam
777 1375 917 1431 felicitatis
934 1375 976 1430 di-

8 1467 9 1528 j
123 1454 199 1503 cerat
209 1449 364 1504 sibividert

175 1525 229 1579 XI.
247 1531 287 1580 36.
307 1524 489 1589 Quamobrem
502 1525 531 1578 id
543 1525 662 1594 primum
671 1527 820 1596 videamus,
838 1528 861 1582 si
877 1529 976 1598 placet,

123 1605 259 1669 quatenus
279 1617 355 1655 amor
375 1601 404 1655 in
422 1601 544 1656 amicitia
559 1603 691 1671 progredi
709 1603 818 1662 debeat.
852 1604 935 1673 Num,
951 1605 975 1659 si

123 1677 283 1733 Coriolanus
291 1676 388 1732 habuit
400 1677 595 1747 amieoslerre
607 1683 703 1734 contra
711 1678 829 1748 patriam
838 1696 920 1735 arma
935 1680 976 1735 illi

122 1770 185 1809 cum
210 1753 352 1809 Coriolano
377 1753 553 1809 debuerunt?
593 1755 668 1808 Num
695 1755 872 1810 Viscellinum
895 1756 976 1811 amici

122 1846 238 1897 regnum
256 1832 438 1897 appetentem,
457 1846 522 1883 num
541 1830 587 1899 Sp.
607 1831 738 1885 Maelium
756 1832 913 1887 debuerunt
928 1833 975 1901 ju-

9 1898 11 1975 j
125 1906 213 1959 verel
249 1908 289 1960 37.
308 1903 346 1957 li.
359 1904 471 1972 quidem
484 1906 637 1961 Gracchum
649 1907 857 1977 rempublicam
876 1925 977 1962 vexan-

124 1987 180 2036 tem
204 1998 221 2034 ι
246 1980 278 2044 Q.
299 1979 442 2035 Tuberone
461 1982 676 2051 aequalibusque
696 1983 790 2037 amicis
813 1983 975 2039 derelictum

9 2096 11 2111 ,
123 2056 292 2111 videbamus.
329 2058 371 2109 At
390 2056 419 2110 (l.
434 2056 558 2112 Blossius
581 2058 719 2113 Cumanus
738 2059 837 2129 hospes
855 2060 976 2114 familiae

124 2141 239 2200 vestrae,
260 2131 396 2199 Scaevola,
417 2149 502 2201 quum
514 2134 551 2187 ad
562 2150 607 2188 me
619 2133 667 2203 qui
678 2135 791 2189 aderam
811 2135 924 2189 Laenati
945 2140 976 2190 et

9 2234 11 2277 ,
125 2209 235 2279 ltuprho
247 2207 438 2262 consuhbussn
450 2210 561 2263 oons1lro
573 2210 750 2279 deprecatum
761 2211 889 2277 venrsset,
906 2211 976 2266 hanc

9 2282 10 2333 ἒ
124 2291 155 2340 ιιι
179 2284 263 2338 sibi'
255 2300 425 2353 ignoscerem
448 2300 558 2351 causam
578 2286 719 2355 afferebat,
742 2286 818 2356 quod
839 2288 910 2341 tanti
934 2288 976 2343 Ti.

124 2361 277 2416 Gracchum
288 2358 399 2415 fecisset
410 2362 443 2413 ut
455 2346 591 2429 quidquid
603 2362 649 2416 ille
660 2362 744 2416 vellet
755 2362 808 2417 sibi
820 2363 975 2417 laciendum

124 2440 240 2505 putaret.
277 2435 346 2490 Tum
366 2452 425 2504 ego,
438 2436 574 2503 Etiamne,
591 2437 734 2508 [inquam]
755 2439 779 2492 si
798 2440 855 2493 te
846 2456 876 2492 m
896 2439 976 2509 Capi-

123 2513 219 2567 tulium
237 2512 311 2565 faces
328 2512 401 2566 ferre
420 2512 523 2567 relletl
559 2513 714 2582 Nunquam,
726 2514 824 2584 inquit,
841 2514 975 2569 voluisset

124 2589 152 2640 id
178 2586 298 2656 quidem.
333 2586 397 2655 Sed,
424 2587 619 2642 sivoluissetl
657 2588 821 2644 Paruissem.
863 2589 976 2644 Videtis

9 2672 11 2733 j
123 2679 205 2731 quam
217 2661 321 2716 nefaria
339 2679 400 2716 vox.
435 2663 472 2717 Et
488 2663 580 2717 hercle
599 2664 639 2719 ita
654 2665 731 2730 fecit,
751 2665 795 2719 vel
811 2664 874 2734 plus
890 2664 975 2719 etiam

123 2754 205 2808 quam
215 2737 301 2802 dixit3
316 2737 456 2792 nonenim
469 2739 561 2807 pamit
580 2739 626 2793 ille
645 2739 683 2793 Ti.
697 2740 812 2795 Gracchi
824 2740 976 2794 ιιιιιιιιιιιι

123 2813 172 2868 sed
184 2813 312 2883 praefuit,
322 2829 374 2867 nee
393 2830 423 2867 se
443 2814 570 2867 comitem
588 2814 662 2869 illius
679 2815 781 2870 furoris
806 2815 856 2870 sed
877 2816 976 2870 ducem

10 2908 11 2957 ;
123 2889 258 2960 praebuit.
294 2889 394 2958 Itaque
406 2889 457 2943 hac
468 2890 596 2958 amentia,
609 2891 770 2959 quaestione
781 2908 852 2945 nova
869 2895 977 2960 perter-

123 2968 218 3034 ritus,'
211 2982 239 3019 ιιι
252 2965 348 3019 Asiam
368 2964 498 3035 profugit,
514 2966 550 3018 ad
569 2965 663 3020 hostes
681 2982 711 3020 se
730 2966 854 3035 contulit,
872 2982 977 3036 poenas

122 3059 163 3115 rer
155 3007 300 3112 publicae
311 3056 409 3108 graves
412 3039 564 3129 justasque
575 3041 712 3110 persolvit
748 3042 832 3096 Nulla
838 3045 883 3096 est
890 3042 978 3111 igitur

10 3142 11 3160 ι
123 3117 262 3179 excusatio
278 3114 384 3184 peccatl
396 3132 419 3168 ιι
436 3115 515 3168 amici
532 3133 614 3169 causa
628 3117 801 3205 peccaveris;
814 3133 877 3170 nam
889 3134 977 3187 quum

123 3211 161 3252 ιι)
176 3191 292 3249 dliatrix
308 3190 445 3245 amicitiae
463 3190 575 3245 virtutis
591 3191 681 3260 opinio
697 3192 789 3260 fuerit,
804 3192 914 3247 difficile
932 3196 979 3248 est

113 3306 120 3335 r
