2200 3450
349 149 607 201 EPISTOLARUM
623 151 727 202 LIBRI
745 154 826 206 Duo.
870 155 871 158 ’
966 157 1011 210 ΠΙ

151 228 247 296 ’(ιιιαος
267 233 383 300 repente
394 230 585 284 'Antonius‘in
602 231 688 286 aciem
708 249 771 287 suas
790 233 882 302 copias
900 232 937 289 de
955 235 1015 288 viee

159 306 290 376 produxit
301 310 331 362 et
347 306 406 361 sine
421 319 501 360 mors
516 307 660 362 concinuit.
695 307 790 362 Primo
800 309 847 363 ita
862 313 1014 378 pugnatum

159 386 204 439 est
215 386 247 438 ιιι
258 383 349 437 scrius
359 399 414 436 non
425 386 520 450 posset
534 384 706 452 exutraque
722 387 802 452 purte
820 385 949 454 pugnari:
962 385 1015 440 etsi

159 458 302 515 dexterius
313 459 445 525 cornuin
459 475 581 526 quoego
597 473 674 513 eram
690 475 753 514 eum
768 459 887 514 Martiae
901 461 1015 529 legionis

159 535 317 589 cohortibus
327 537 399 603 octo,
411 533 518 602 impetu
531 534 621 603 primo
634 535 778 603 fugaverat
789 535 924 626 legionem
938 552 1015 592 xxxv

161 611 285 680 Antonii,
294 615 328 666 ιιι
339 611 457 681 emplius
468 627 565 680 passus
576 611 765 682 [quingentos]
777 612 851 668 ultra
862 613 949 669 eciem
961 629 1016 682 quo

159 686 220 742 loeo
230 690 349 744 steterat
359 687 531 777 processerit
562 688 664 777 Itaque
676 704 761 756 quum
773 689 881 758 equites
892 698 1016 744 nostrum

160 780 252 821 cornu
264 764 407 819 circumire
428 764 539 832 volent,
559 766 695 834 recipere
704 780 749 819 me
771 765 852 834 coepi
875 770 918 822 et
927 766 1015 820 levem

159 844 328 895 moraturum
345 853 483 910 opponere
503 839 662 898 Maurorum
682 839 831 909 equitibus,
850 857 885 896 ne
905 857 1016 897 aversos

160 920 269 972 nostros
288 917 522 985 aggrederentur..
548 917 666 971 Interim
687 915 780 972 video
791 933 836 971 me
854 933 933 987 esse
934 917 1017 971 inter
1067 955 1071 961 .

160 992 333 1050 Antonianos
346 993 552 1082 Antoniumque
562 996 630 1060 post
644 1009 691 1046 me
704 1009 765 1048 esse
778 979 927 1062 eliquanto.
963 991 1017 1046 Re

96 1073 99 1078 '
160 1072 245 1137 pente
265 1084 368 1138 equum
383 1067 487 1122 ιιιιιιιιιι
504 1067 542 1121 sd
561 1085 620 1122 euru
644 1068 797 1136 legionem
795 1069 922 1123 tironum
947 1085 1017 1138 quse

161 1144 292 1204 seniebat
309 1161 345 1198 ex
358 1144 468 1212 cestris,
483 1150 563 1198 scuto
577 1143 689 1212 rejecto.
720 1144 871 1200 Antoniani
887 1162 932 1200 me
946 1145 1018 1200 inse-

161 1221 224 1288 quiz
238 1220 412 1291 nostripilu
429 1219 567 1289 conjicere
585 1220 662 1275 velle
683 1221 746 1275 “Ita
765 1221 858 1276 nescio
882 1237 937 1290 quo
959 1222 1018 1276 lato

162 1301 369 1364 sumsernatus,
380 1297 528 1365 quodsum
540 1296 596 1350 cito
607 1313 625 1351 a
636 1296 739 1351 nostris
750 1297 884 1365 cognitus.
932 1343 935 1348 .

193 1421 196 1425 .
216 1373 251 1426 In
270 1373 331 1442 ipsa
343 1372 526 1438 Aemilimubi
535 1372 644 1426 cohors.
653 1372 778 1426 Caesaris
791 1373 934 1441 praetoris.
950 1377 1019 1442 erat,

53 1512 59 1523 ι
159 1448 434 1518 ιιιιιριιειιιιιιιιιοιι
462 1449 554 1503 Cornu
562 1449 716 1504 sinisterius
725 1449 1018 1517 quoderatinlirmiuo,

161 1524 209 1578 ubi
233 1525 352 1580 Martiae
373 1525 490 1594 legionis
513 1526 585 1580 dune
608 1524 734 1578 cohortes
757 1529 838 1581 erunt
861 1527 891 1580 et
922 1525 1019 1582 cohors

161 1601 307 1669 praetoris.
323 1601 543 1669 pedemreferre
556 1605 716 1670 coeperunt,
740 1601 815 1670 qnod
835 1600 874 1656 ab
892 1597 1018 1670 equitatu

161 1676 376 1735 circumibsutur
388 1693 444 1746 quo
454 1677 497 1731 vel
510 1677 744 1747 plurimumnulet
758 1678 902 1733 Antonine.¹
928 1678 1018 1744 Quum

161 1769 256 1807 omnes
266 1769 297 1807 se
312 1754 479 1821 recepissent
495 1754 582 1808 nostri
598 1753 716 1821 ordines,
733 1755 916 1825 recipereme
931 1755 1019 1809 novis-

162 1828 247 1884 simus
258 1829 335 1898 coepi
347 1828 384 1883 sd
395 1834 493 1883 castro.
524 1830 663 1884 Antonius
675 1834 817 1899 tamquam
829 1831 916 1885 victor
928 1833 1018 1885 caetra

161 1905 312 1974 putavisse
324 1921 405 1974 posse
416 1922 530 1974 cepere3
548 1922 603 1974 quo
616 1922 700 1974 quum
713 1908 796 1974 venit,
811 1905 964 1975 complures
978 1906 1018 1961 ibi

162 1980 263 2045 amisit,
286 1997 337 2034 nec
359 1981 417 2049 egit
440 1981 599 2050 quidquam.
637 1982 744 2036 Audita
766 1998 799 2037 re
822 1983 932 2037 Hirtius
956 2000 1018 2037 cum

162 2055 320 2110 cohortibus
338 2057 437 2125 viginti
461 2057 599 2112 veteranis
623 2057 750 2113 redeunti
775 2058 896 2113 Antonio
919 2059 948 2113 in
970 2076 1019 2113 sua

163 2136 254 2186 eastra
270 2133 396 2200 occurrit,
414 2134 561 2201 copiasque
580 2131 641 2201 ejus
657 2149 751 2187 omnes
768 2134 879 2201 delevit,
898 2134 1018 2203 fugavit3

139 2200 145 2212 ’
164 2208 317 2276 eodemque
329 2209 395 2274 loco,
407 2209 455 2262 ubi
467 2215 528 2263 erut
539 2213 699 2278 pugnatum,
708 2209 745 2263 ad
759 2209 859 2263 Forum
870 2210 1018 2280 Gallorum,

165 2285 303 2338 Antonius
314 2301 375 2338 cum
388 2284 528 2353 equitibus
542 2284 611 2339 hora
625 2285 713 2337 noctis
727 2288 827 2352 quarta
841 2300 871 2339 ee
886 2285 915 2339 in
929 2290 1020 2341 eastre

164 2376 214 2413 sua
231 2358 267 2413 ad
288 2359 423 2413 Mutinam
442 2359 555 2428 recepit.
591 2359 702 2413 Hirtius
721 2360 749 2413 in
768 2376 802 2413 ea
822 2364 913 2415 castra
935 2362 1019 2417 rediit

164 2436 238 2489 unde
250 2435 340 2489 Pansa
347 2435 460 2501 exierat,
469 2435 516 2489 ubi
526 2435 596 2489 duas
605 2435 725 2503 legiones
737 2435 889 2505 reliquerat
901 2454 971 2506 quse
983 2438 1019 2493 ab

165 2510 287 2568 Antonio
299 2514 378 2565 erant
389 2515 570 2579 oppugnatae.
600 2510 644 2565 Sic
650 2516 758 2580 partem
767 2510 899 2580 mqjorem
909 2530 1018 2569 suarum

54 2608 59 2617 ¹
164 2588 303 2655 eopisnum
316 2587 453 2641 Antonius
467 2588 559 2641 amisit
572 2590 772 2643 veteranarum.
808 2588 868 2643 Nec
881 2588 912 2643 id
927 2584 1019 2645 tamen

164 2664 224 2718 sine
240 2662 333 2732 alique
346 2661 459 2729 jactura
475 2663 627 2717 cohortium
647 2664 847 2733 praetoriarum
863 2671 1018 2721 nostrarum

164 2742 195 2795 et
205 2739 320 2807 legionis
340 2737 459 2792 Martiae
476 2737 536 2792 fieri
560 2738 659 2809 potuit
697 2739 815 2808 Aquilae
838 2740 917 2811 duae,
942 2742 1021 2811 signu

165 2817 308 2884 sexaginta
329 2817 392 2869 sunt
418 2815 506 2870 reluta
525 2815 648 2871 Antonii.
692 2814 749 2870 Res
769 2816 840 2871 bene
865 2821 945 2887 gesta
969 2822 1018 2873 est

166 2891 201 2946 l.
213 2892 239 2947 d.
251 2906 300 2945 xm
314 2890 453 2945 Kalendas
465 2890 562 2960 liuius,
575 2908 609 2946 ex
621 2891 727 2947 castris.

206 3014 245 3062 19.
279 3011 318 3061 M.
331 3012 458 3061 CICERO
470 3011 495 3060 S.
508 3012 541 3063 D.
554 3012 587 3061 D.
600 3010 719 3059 BRUTO
731 3008 808 3059 IMP.
821 3008 889 3061 GOS.
903 3009 976 3060 DES.

429 3110 476 3168 (rr.
491 3111 529 3159 12.
565 3122 629 3159 mo.
643 3122 665 3158 c.
684 3108 752 3171 711.)

166 3206 233 3261 ‘l'res
244 3222 299 3260 uno
311 3205 357 3259 dio
369 3223 385 3259 a
397 3210 426 3259 tc
437 3206 529 3274 accepi
544 3205 690 3273 epistolam
708 3220 790 3259 ernam
807 3200 919 3259 brevem
937 3218 1018 3271 quam
