2200 3450
113 160 147 215 20
458 156 634 206 EPISTOLA

114 245 305 299 difficultatem
322 259 450 311 magnam
469 242 587 296 afferunt
604 242 753 312 publicani,
770 243 871 312 quibus
888 243 911 298 si
927 244 974 299 ad·

115 336 262 396 versamur,
274 318 398 372 ordinem
412 319 448 378 de
465 318 543 371 nobis
556 321 659 388 optime
671 320 801 373 meritum
818 324 848 373 et
861 337 911 388 per
926 339 975 376 nos

115 414 177 451 cum
189 395 339 464 republica
355 393 530 462 conjunctum
543 399 599 447 eta
611 395 689 447 nobis
702 399 731 447 et
743 411 759 448 a
771 412 802 447 re
814 395 923 464 publica
935 398 974 450 di-

110 472 265 541 jungemus.
301 470 349 524 Sin
373 474 465 524 autem
486 471 611 523 omnibus
630 471 658 522 in
678 470 760 523 rebus
784 470 973 540 obsequemur,

114 548 238 601 funditus
254 565 300 602 eos
313 547 405 616 perire
423 546 692 614 patiemur-quorum
710 563 764 599 non
786 547 867 600 modo
893 549 973 602 saluti

115 625 258 678 sedetiam
271 623 420 678 commodis
432 624 571 677 consulere
585 623 722 676 debemus.
759 625 836 677 Haec
853 628 896 677 est
912 641 973 691 una,

115 702 138 754 si
150 719 214 754 rere
230 701 350 768 cogitare
362 699 494 766 volumus,
505 699 533 750 in
550 702 610 751 toto
626 699 740 767 imperio
754 703 803 753 tuo
822 699 972 754 difficultas

115 777 187 831 Nam
210 794 271 831 esse
291 777 482 843 abstinentem,
509 776 650 830 continere
674 791 767 828 omnes
800 775 972 843 cupiditates,

115 870 177 907 suos
201 871 333 920 coercere,
350 853 422 920 juris
438 852 612 921 aequabilem
631 855 726 905 tenere
747 851 890 919 rationem,
909 853 974 906 faci-

87 998 89 1002 ,
115 929 169 982 lem
192 931 266 1001 sein
282 929 364 983 rebus
390 929 590 996 cognoscendis,
608 929 636 980 in
655 927 809 980 hominibus
829 927 973 981 audiendis

115 1005 348 1073 admittendisque
368 1006 507 1074 praebere,
529 1004 698 1072 praeclarum
719 1003 806 1071 magis
827 1006 871 1056 est
890 1019 972 1072 quam

115 1081 231 1134 difficile.
268 1081 293 1134 N
295 1099 330 1134 on
339 1089 383 1136 est
394 1081 466 1134 enim
478 1082 598 1150 positum
614 1079 643 1132 in
659 1079 753 1134 labore
770 1079 861 1148 aliquo
876 1080 926 1132 sed
943 1081 972 1132 in

115 1157 233 1226 quadam
257 1158 414 1212 inductione
438 1158 521 1211 animi
545 1161 630 1226 atque
659 1156 807 1210 voluntate.
853 1161 895 1209 33.
921 1155 973 1208 Illa

115 1250 196 1287 causa
214 1233 418 1302 publicanorum
437 1237 567 1301 quantam
584 1231 764 1286 acerbitatem
780 1231 876 1284 afferat
893 1231 973 1284 sociis

115 1310 299 1364 intelleximus
318 1328 352 1364 ex
372 1309 482 1376 civibus,
501 1309 548 1377 qui
568 1325 655 1376 nuper
673 1307 701 1359 in
725 1307 853 1375 portoriis
875 1306 971 1359 Italiac

114 1387 242 1440 tollendis
251 1404 305 1441 non
317 1391 374 1440 tam
388 1385 424 1438 de
435 1384 557 1454 portorio
570 1401 652 1452 quam
664 1384 700 1436 do
712 1381 848 1436 nonnullis
865 1381 972 1449 injuriis

114 1463 279 1531 portitorum
292 1462 485 1531 querebantur.
522 1461 613 1524 Quare
624 1477 678 1512 non
694 1460 790 1526 ignoro
808 1458 876 1526 quid
893 1458 971 1511 sociis

114 1539 222 1593 accidat
232 1539 260 1592 in
272 1539 377 1592 ultimis
387 1538 478 1604 terris,
490 1553 574 1604 quum
587 1535 720 1588 audierim
734 1535 762 1586 in
777 1533 859 1587 Italia
876 1549 972 1602 quere-

114 1614 155 1669 las
173 1615 279 1669 civium.
316 1615 370 1668 Hic
385 1617 415 1667 te
431 1614 471 1666 ita
491 1611 595 1666 versari
614 1614 647 1664 ut
671 1613 700 1664 et
718 1609 870 1679 publicanis
894 1609 972 1662 satis.

114 1692 204 1760 facias,
227 1691 390 1761 praesertim
415 1689 531 1759 publicis
557 1689 627 1743 male
650 1685 809 1756 redemptis,
833 1689 863 1741 et
887 1687 973 1740 socios

113 1768 205 1835 perire
215 1768 358 1834 nonsinas,
371 1767 479 1819 divinae
491 1765 633 1834 cujusdam
649 1764 759 1818 virtutis
776 1780 836 1817 esse
853 1762 972 1831 videtur,

115 1842 145 1895 id
156 1847 207 1912 est,
218 1847 292 1897 tuae.
329 1845 372 1897 Ac
383 1843 502 1911 primum
515 1841 626 1895 Graecis
635 1840 664 1892 id
677 1840 750 1907 quod
768 1838 972 1892 acerbissimum

115 1924 158 1974 est
170 1920 245 1988 quod
257 1923 321 1973 sunt
335 1919 483 1987 vectigales
494 1936 553 1971 non
570 1918 610 1971 ita
626 1917 753 1970 acerbum
770 1914 859 1969 rideri
880 1914 972 1980 debet,

114 1999 263 2065 propterea
281 1995 355 2064 quod
368 1996 427 2048 sine
438 1995 552 2063 imperio
573 1994 667 2062 populi
690 1992 806 2045 Romani
818 1990 874 2043 suis
894 1990 973 2044 iusti-

117 2073 250 2141 tntisper
266 2072 360 2140 seipsi
381 2072 421 2125 ita
441 2072 559 2124 fuerunt.
595 2069 702 2122 Nomen
723 2071 815 2121 autern
834 2065 972 2135 publicani

115 2149 255 2215 aspernari
277 2165 331 2201 non
349 2152 470 2217 possunt,
492 2147 539 2215 qui
558 2146 679 2215 pendere
698 2144 750 2213 ipsi
775 2142 892 2209 vectigal
913 2142 972 2195 sino

114 2224 258 2292 publicano
285 2241 339 2279 non
367 2226 523 2292 potuermrt,
552 2222 627 2291 quod
654 2222 688 2274 iis
716 2220 869 2289 aequaliter
898 2218 973 2271 Sulla

116 2302 297 2371 discripserat.
340 2299 403 2353 Non
427 2317 487 2353 esso
512 2302 604 2352 autem
627 2297 744 2351 leniores
774 2296 801 2348 in
830 2294 972 2361 exigendis

116 2378 293 2446 vectigalibus
308 2377 427 2431 Graecas
439 2393 522 2444 quam
540 2377 648 2427 nostros
668 2372 826 2441 publicanos
847 2370 910 2422 hinc
931 2370 969 2421 in-

28 2459 31 2464 '
116 2455 203 2523 tellig'i
215 2458 317 2523 potest,
331 2453 405 2522 quod
424 2450 522 2505 Caunii
542 2466 637 2518 nuper,
657 2464 804 2515 omnesque
825 2463 860 2499 cx
877 2446 968 2505 insulis

116 2548 187 2599 quae
198 2534 278 2584 erant
297 2529 332 2583 ab
348 2528 425 2582 Sulla
439 2526 556 2580 Rhodiis
575 2524 733 2590 attributae,
744 2523 923 2590 confugerunt
936 2522 969 2573 ad

116 2608 255 2673 Senatum,
270 2604 349 2658 nobis
369 2607 402 2658 ut
423 2602 515 2672 potins
533 2601 650 2669 vectigal
669 2615 751 2667 quam
771 2597 886 2651 Rhodiis
907 2612 971 2664 pon-

117 2683 221 2736 derent.
258 2682 348 2746 Quare
366 2696 471 2734 nomen.
483 2677 622 2747 publicani
641 2693 731 2744 neque
751 2675 772 2728 ii
788 2674 892 2728 debent
909 2672 972 2761 bor-¹

116 2776 178 2813 rore
194 2757 241 2827 qui
260 2773 368 2826 semper
387 2755 537 2823 vectigales
549 2755 678 2818 luerunt;
696 2750 818 2820 nequcii
834 2764 972 2819 aspernari

117 2835 164 2903 qui
182 2850 233 2903 per
251 2850 281 2888 se
299 2833 421 2902 pendere
439 2830 557 2898 vectigal
579 2846 633 2882 non
652 2830 820 2897 potuerunt3
848 2824 971 2893 aequali

117 2926 243 2965 recusare
262 2909 309 2978 qui
335 2908 549 2978 postulaveramt.
593 2911 634 2960 34.
659 2904 744 2957 Simul
765 2906 795 2956 et
817 2901 886 2955 illud
905 2900 975 2953 Asia

117 2987 221 3056 cogitet
233 2986 335 3039 nullam
352 3003 368 3038 a
386 3002 416 3038 se
435 3001 526 3053 neque
544 2982 611 3037 belli
630 2979 737 3035 externi
757 2995 847 3046 neque
867 2977 975 3031 domos-

117 3065 232 3118 tioarum
251 3061 448 3115 discordiarum
464 3059 647 3113 calamitatem
664 3055 819 3109 abfuturum
838 3054 931 3120 fuisso,
951 3054 974 3106 sl

119 3139 169 3193 hoc
180 3139 295 3207 imperio
307 3155 361 3191 non
378 3140 526 3191 teneretur.
564 3135 598 3187 Id
616 3135 708 3185 autem
723 3130 868 3198 imperium
888 3146 973 3199 qus..
1037 3186 1039 3191 ¹

119 3215 232 3269 retineri
256 3215 315 3269 sine
341 3210 521 3279 vectigalibus
547 3209 622 3261 nullo
652 3205 734 3259 modo
762 3204 857 3262 possit.
884 3222 975 3271 aarum
