2200 3450
123 182 155 230 44
351 175 389 226 Μ.
408 174 535 226 TULLII
553 173 742 222 CICERONIS

122 261 189 330 dixi,
210 259 234 314 si
254 275 309 329 qua
329 256 492 326 sipiificatio
512 254 624 309 virtutis
646 255 753 310 eluceat
775 255 813 310 ad
836 271 918 326 quam
941 274 973 315 se

122 337 337 390 similis—animus
350 333 470 402 applicet
485 335 514 385 et
528 331 669 400 adjungat,
685 331 716 385 id
731 348 816 400 quum
830 334 972 402 contingit,

122 429 199 465 amor
211 412 350 465 exoriatur
361 425 473 463 necesse
485 410 535 462 est.
570 413 612 461 49.
631 407 704 471 Quid
715 408 788 460 ebim
804 412 862 462 tam
878 409 972 463 absur-

123 487 194 540 dum
207 503 289 555 quam
307 484 439 539 delectari
454 483 549 536 multis
565 477 693 536 inanibus
708 483 798 550 rebus,
814 487 847 538 ut
862 484 971 551 honore,

123 567 154 617 ut
176 562 271 631 gloria,
285 565 327 616 ιιι
350 560 481 627 aedificio,
504 563 537 613 ut
560 559 664 614 vestitu
687 559 818 628 cultuque
842 562 971 630 corporis,

122 639 212 693 animo
226 643 319 694 autem
334 638 438 693 virtute
452 636 580 705 praedito
594 651 627 689 eo
641 636 689 704 qui
703 635 747 690 vel
759 653 858 703 amare,
873 638 924 704 vel,
939 642 971 692 ιιι

121 715 163 768 ita
183 715 279 784 dicam,
299 715 442 768 redamare
463 713 558 782 possit,
579 728 633 766 non
652 712 800 766 admodum
821 713 971 769 delectarit

122 790 199 844 Nihil
211 791 339 846 est-eninr
351 789 571 843 remuneratione
582 788 795 857 benevolentiae,
809 789 877 842 nibil
892 790 971 844 vicis·

122 865 245 920 situdine
257 866 411 920 studiorum
426 865 629 933 officiorumque
638 864 795 933 jucundius.
830 871 871 919 50.
890 865 969 930 Quod

122 941 144 994 si
154 943 222 998 illud
232 945 316 1000 etiarn
329 941 463 1009 addimus,
473 941 547 1010 quod
559 946 636 996 recte
643 940 709 995 addi
720 945 820 1011 potest,
828 942 896 995 nibil
909 959 970 997 esse

122 1019 196 1087 quod
208 1019 245 1072 ad
260 1035 290 1073 se
301 1035 361 1073 rem
373 1018 456 1072 ullam
470 1023 527 1072 tam
536 1018 639 1072 alliciat
651 1023 681 1072 et
688 1022 745 1072 tam
753 1019 876 1073 attrahat
888 1035 969 1088 quam

122 1093 159 1146 ad
166 1094 313 1148 amicitiam
326 1094 482 1160 similitudo,
489 1094 655 1148 concedetur
666 1094 788 1162 profecte
800 1111 896 1148 verum
908 1111 970 1149 esse

121 1173 153 1223 ιιι
160 1170 245 1223 bonos
252 1171 316 1225 boni
323 1170 440 1240 diligant
447 1165 656 1239 adsciscantq'ue
666 1170 718 1224 sibi
726 1170 804 1239 quasi
812 1171 970 1240 propinqui-

121 1249 180 1316 tate
196 1245 355 1314 conjunctos
366 1249 450 1315 atquo
462 1250 566 1301 natura.
603 1246 679 1300 Nihil
695 1250 739 1300 est
755 1247 826 1300 enim
839 1250 970 1315 appeten·

123 1319 177 1376 tiis
190 1318 319 1376 similium
333 1323 383 1391 sui,
399 1322 467 1376 nibil
481 1322 615 1391 rapacius,
631 1339 713 1390 quam
729 1327 835 1376 natura
871 1323 970 1388 Quam-

122 1397 216 1453 obrem
228 1399 279 1453 hoc
291 1399 410 1469 quidem,
421 1399 508 1453 Iianni
517 1402 547 1453 et
556 1398 692 1465 Scaevola,
702 1401 818 1465 constat,
828 1402 860 1452 ιιι
867 1400 969 1468 opinor,

121 1472 200 1528 bonis
210 1475 284 1530 inter
295 1476 380 1530 bonos
391 1475 468 1544 quasi
483 1475 665 1529 necessariam
680 1474 906 1542 benevolentiam,
922 1473 970 1544 qui

121 1555 164 1604 est
184 1552 321 1608 amicitiae
344 1553 405 1608 fons
427 1569 444 1606 a
467 1555 566 1606 natura
589 1550 761 1605 constitutus.
796 1551 852 1605 Sed
872 1552 970 1608 eadem

122 1627 228 1681 bonitas
240 1629 323 1683 etiam
336 1628 372 1682 ad
383 1628 589 1682 multitudinem
601 1627 728 1695 pertinet.
763 1627 826 1681 Non
840 1632 884 1682 est
897 1629 969 1683 eninr

121 1703 267 1759 inhumana
284 1706 372 1760 virtus
390 1722 479 1776 neque
497 1703 626 1758 immunis
642 1719 732 1773 neque
753 1703 878 1774 superba,
899 1721 970 1773 qnae

120 1780 205 1833 ctiam
220 1780 334 1848 populos
350 1782 490 1835 universos
506 1780 580 1834 tueri
597 1780 691 1848 eisque
709 1782 813 1849 optime
829 1781 970 1836 consulere

120 1854 225 1921 soleat;
244 1856 318 1924 quod
335 1873 389 1910 non
405 1857 509 1911 fuceret
525 1856 657 1925 profecto,
679 1856 701 1909 si
722 1874 739 1910 a
759 1856 875 1911 caritate
895 1857 969 1925 vulgi

120 1928 287 1986 abhorreret.
321 1938 362 1986 51.
381 1934 477 2000 Atque
488 1934 572 1986 etiam
583 1931 650 1985 mihi
662 1932 774 2002 quidem
783 1932 913 1986 videntur
921 1932 969 2002 qui

120 2000 249 2061 utilitatis¹
262 2024 344 2061 causa
358 2008 464 2076 tingunt
478 2008 613 2062 amicitias
628 2008 851 2063 amabilissimum
866 2008 970 2063 nodum

114 2082 257 2137 amicitiae
279 2084 383 2138 tollere.
419 2084 482 2139 Non
496 2084 579 2153 ,enim
602 2088 660 2139 tam
683 2085 789 2139 utilitas
813 2088 894 2153 parta
918 2101 970 2154 per

119 2157 236 2212 amicum
248 2154 330 2227 quam
339 2160 419 2214 amici
428 2176 504 2214 amor
513 2162 573 2229 ipse
582 2160 717 2226 delcetat3
728 2164 842 2230 tumque
851 2161 919 2215 illud
928 2161 968 2228 iit,

119 2234 194 2304 quod
205 2234 240 2288 ab
252 2235 340 2289 audeo
350 2239 394 2291 est
408 2236 569 2306 proiectum,
579 2235 741 2305 jucundum,
758 2236 781 2289 si
798 2252 860 2290 cnm
876 2237 969 2290 studio

119 2315 162 2365 est
178 2312 347 2379 profectum:
366 2316 529 2382 tantumque
550 2313 629 2367 abest
649 2316 681 2367 ut
699 2312 969 2381 amicitiae-propter

118 2386 297 2456 indigentiam
308 2388 439 2455 colantur,
450 2393 484 2443 nt
495 2389 515 2442 ii
526 2390 574 2457 qni
585 2388 683 2457 opibus
698 2391 728 2441 et
742 2389 826 2457 copiis
840 2384 969 2443 maxime-

119 2479 173 2531 que
194 2465 296 2518 virtute
316 2464 442 2534 praediti,
463 2465 492 2518 in
515 2482 571 2535 qua
593 2465 740 2533 plurimum
764 2469 808 2520 eet
828 2464 969 2534 praesidii,

118 2538 230 2593 minime
251 2540 365 2594 alterius
388 2541 536 2610 indigeant,
557 2540 739 2595 liberalissimi
760 2540 817 2596 sint
837 2544 866 2594 et
885 2540 969 2595 bene-

119 2615 294 2671 ficentissimi.
331 2617 426 2686 Atque
443 2618 517 2671 haud
536 2619 591 2672 scio
608 2634 642 2671 an
660 2634 695 2671 ne
713 2634 782 2686 opus
799 2618 836 2671 sit
856 2618 969 2687 quidem

118 2691 186 2744 nihil
199 2708 319 2761 unquam
336 2693 444 2746 omnino
462 2693 559 2748 deesse
576 2694 677 2749 amicis.
713 2693 769 2747 Ubi
787 2694 860 2747 enim
877 2694 970 2748 studia

118 2771 212 2821 nostra
224 2764 382 2836 viguissent,
398 2768 421 2822 si
437 2786 577 2838 nunquam
593 2770 712 2837 consilio,
729 2786 869 2838 nunquam
885 2786 969 2838 opera

118 2846 212 2897 nostra
222 2843 353 2897 necdomi
361 2861 411 2899 nec
420 2846 532 2899 militiae
542 2846 775 2914 Scipioeguisscti
811 2845 874 2898 Non
883 2845 969 2913 igitur

118 2917 266 2972 utilitatem
277 2919 405 2989 amicitia,
418 2922 468 2975 sed
479 2922 585 2975 utilitas
596 2914 900 2976 amicitiam‘eonseeuta
911 2924 961 2975 est

171 2994 233 3048 XV.
256 3001 296 3049 52.
314 2996 340 3048 N
342 3012 377 3049 on
389 3014 455 3065 ergo
467 3001 549 3051 amnt
560 2998 684 3052 homines
695 2997 800 3050 deliciis
812 2996 969 3052 diffluentes

118 3069 255 3137 audiendi,
280 3071 434 3140 siquando
458 3074 494 3127 ds
517 3074 637 3127 amicitia
659 3088 742 3141 quam
764 3088 815 3125 nec
838 3088 892 3125 usu
916 3089 969 3127 nec

117 3146 226 3201 ratione
242 3146 345 3201 habeut
362 3149 498 3215 cognitam
519 3147 707 3215 disputabunt
741 3146 815 3199 Nam
835 3147 897 3215 quis
917 3153 968 3215 cst,

118 3236 168 3289 pro
186 3221 268 3276 deum
285 3222 369 3275 iidem
395 3227 479 3290 atque
496 3223 644 3290 hominum,
661 3221 710 3291 qui
730 3221 804 3289 velit,
825 3225 858 3277 ut
877 3240 969 3294 neque
