2200 3450
321 173 486 222 LAllLIUS.
523 175 601 223 cAP.
620 175 714 224 XXII.
733 176 839 224 XXIII.
969 180 999 226 53

142 257 319 312 verebuntur.
363 249 435 308 Nam
458 255 610 309 maximum
641 262 830 312 ornamentum
863 261 999 313 amicitiae

142 334 216 388 tollit
228 333 275 400 qui
290 349 325 386 ex
345 349 378 385 ea
397 332 470 385 tollit
489 333 688 387 verecundiam.
733 341 773 390 83.
799 336 899 405 Itaque
918 337 947 390 in
966 338 1000 390 iis

141 410 309 478 perniciosus
330 412 373 462 est
394 409 537 476 errorqui
562 410 721 464 existimant
740 411 886 465 libidinum
907 430 1000 482 peeca-

142 490 288 554 torumque
301 486 421 539 omnium
433 488 528 553 patere
543 485 572 538 in
586 486 707 540 amicitia
720 487 867 543 licentiam.
904 487 1000 542 Virtu-

142 566 202 616 tum
215 562 335 616 amicitia
347 561 501 630 adjutrixa
520 566 620 615 natura
640 562 706 616 data
724 567 775 630 est,
797 580 850 616 non
870 565 999 619 vitiorum

142 655 241 706 eomes,
263 642 302 706 ut,
324 637 451 706 quoniam
473 637 595 691 solitaria
618 655 671 691 non
695 643 788 707 posset
805 639 893 693 virtus
912 641 949 694 ad
968 659 1001 695 ea

142 731 214 783 quae
235 731 339 768 summa
362 718 426 768 sunt
449 715 601 783 pervenire,
625 715 771 784 conjuncta
794 718 823 769 et
847 718 1000 771 consociata

142 805 204 843 cum
214 789 300 843 altera
312 790 482 858 perveniret;
502 791 681 860 quaesiquos
690 792 763 846 inter
772 792 887 846 societas
899 799 948 846 aut
957 797 1001 847 est
1041 804 1044 810 “

143 869 192 919 aut
204 866 257 920 luit
269 870 317 920 aut
329 867 422 919 futura
434 870 484 934 est,
498 884 592 920 eorum
605 871 648 921 est
663 868 805 922 habendus
816 868 853 922 ad
864 886 999 922 summurn

142 946 258 996 naturae
270 942 370 996 bonurn
388 943 507 1010 optimus
523 942 752 1012 beatissimusque
768 945 920 999 comitatus
957 953 1000 1000 84,

144 1018 221 1071 Haec
237 1022 287 1085 est,
301 1018 420 1086 inquam,
441 1019 558 1072 societas
577 1020 603 1071 in
626 1021 789 1088 quaomnia
811 1020 903 1075 insrmt
928 1039 999 1091 quae

142 1097 242 1162 putant
253 1094 376 1148 homines
389 1094 552 1163 expetenda,
563 1095 698 1163 honestas,
711 1096 804 1164 gloria,
813 1098 999 1166 tranquillitas

143 1170 226 1222 animi
243 1173 328 1239 atque
342 1169 508 1238 jucunditate,
527 1174 560 1223 ut
575 1175 612 1237 ct,
626 1189 710 1240 quum
722 1171 790 1225 haec
802 1173 901 1239 adsint,
917 1174 1000 1227 beata

143 1246 200 1298 vita
212 1246 256 1313 sit,
270 1249 299 1299 et
311 1247 369 1299 sine
384 1246 427 1298 his
444 1263 503 1300 csse
523 1264 577 1300 nou
596 1248 689 1315 possit.
725 1248 805 1312 Quod
827 1266 911 1317 quma
932 1252 1000 1318 opti-

66 1331 69 1338 ’
143 1338 217 1374 unun
235 1323 437 1390 maximumque
459 1323 501 1388 ait,
524 1323 547 1375 si
571 1323 600 1375 id
621 1323 743 1377 volumus
763 1323 883 1392 adipisci,
902 1324 998 1376 virtrdi

143 1413 227 1466 opera
239 1397 329 1451 danda
349 1401 398 1463 est,
412 1399 470 1452 sine
491 1416 545 1466 qua
567 1415 617 1452 nec
638 1399 785 1453 amicitiam
807 1416 897 1468 neque
915 1399 998 1451 ullam

144 1490 202 1526 rem
215 1473 397 1542 expetendam
409 1475 715 1542 consequipossumus:
734 1491 766 1528 ea
781 1491 846 1528 vero
866 1475 998 1542 neglecta,

143 1549 191 1618 qui
204 1566 233 1603 se
243 1550 342 1602 amicos
351 1549 453 1603 hahere
462 1551 642 1618 arbitrantur,
649 1554 710 1604 tum
722 1567 752 1604 se
761 1550 881 1618 denique
890 1567 998 1604 errasse

144 1625 266 1679 sentiunt
285 1642 369 1694 quum
385 1643 432 1679 eos
445 1627 536 1693 gravis
553 1627 652 1694 aliquis
673 1644 752 1680 casus
773 1627 892 1695 experiri
913 1627 997 1694 cogit.

143 1707 185 1757 85.
204 1700 343 1770 Quocirca,
356 1701 503 1757 dicendum
515 1705 560 1757 cst
579 1703 652 1757 enim
664 1703 779 1771 saepius,
793 1720 878 1773 quum
893 1701 999 1773 judica

143 1778 224 1845 veris,
242 1778 498 1848 diligere,op0rtet;
517 1796 579 1845 non,
602 1796 685 1847 quum
709 1779 846 1843 dilexeris,
863 1779 998 1848 judicare.
1074 1790 1078 1798 '

145 1854 200 1909 Sed
213 1871 297 1922 quum
309 1854 404 1909 multis
423 1855 452 1907 in
473 1856 556 1909 rebus
576 1850 744 1923 negligentia
762 1856 916 1924 plectimur,
935 1860 996 1910 tum

143 1930 262 1983 maxime
274 1930 301 1983 in
322 1930 417 1984 amicis
436 1934 466 1985 et
485 1930 639 1999 deligendis
663 1934 692 1985 et
713 1928 851 1996 colendis3
874 1949 999 2000 praepos

143 2007 211 2059 teris
227 2006 299 2059 enim
311 2006 417 2060 utimur
434 2006 553 2060 consiliis
565 2010 595 2060 et
611 2010 672 2060 acta
692 2007 806 2075 murus,
828 2007 902 2075 quod
925 2011 999 2060 vcta-

142 2099 205 2135 mur
230 2086 323 2137 vetere
343 2082 496 2151 proverbio.
532 2082 605 2135 Nam
623 2082 755 2151 implicati
778 2083 852 2136 ultro
876 2086 906 2136 et
930 2084 999 2136 citro

143 2158 186 2211 vel
205 2175 255 2211 usu
272 2159 401 2212 diuturno
421 2158 464 2211 vel
483 2158 568 2211 etiam
593 2158 687 2211 officiis
712 2162 827 2228 repente
851 2159 880 2211 in
907 2160 998 2211 medio

143 2250 224 2287 eursu
237 2234 370 2287 amicitias
382 2238 478 2287 exorta
489 2234 582 2301 aliqua
594 2234 740 2287 offensione
752 2234 941 2302 dimmpimus.

195 2310 309 2363 XXIII.
328 2316 369 2365 86.
402 2309 462 2374 Quo
482 2310 566 2363 etiam
586 2311 673 2377 magis
692 2309 874 2378 vituperanda
893 2313 937 2362 est
956 2311 996 2362 rei

142 2386 260 2439 maxime
273 2386 442 2439 necessariae
454 2389 534 2439 tanta
552 2386 664 2440 incuria.
700 2387 764 2439 Una
783 2388 826 2439 ost
843 2385 916 2438 enirn
931 2387 998 2439 anri-

142 2462 208 2517 citia
220 2462 248 2515 in
261 2462 344 2517 rebus
356 2461 483 2515 humanis
493 2463 528 2516 de
540 2463 619 2532 cujus
631 2463 752 2517 utilitate
769 2460 863 2516 omnes
880 2480 935 2516 uno
951 2480 999 2515 ore

142 2538 330 2593 consentiunt:
352 2554 516 2606 quamquam
535 2556 553 2592 a
570 2539 665 2593 multis
689 2539 749 2608 ipsa
769 2540 857 2592 virtus
877 2542 999 2592 contero-

142 2615 218 2669 nitur
247 2616 276 2667 et
306 2613 458 2667 venditatio
487 2616 622 2684 quaedam
646 2619 730 2684 atque
760 2616 909 2670 ostentatio
940 2631 1000 2668 esse

142 2690 251 2745 dicitur.
287 2690 370 2744 Multi
380 2689 492 2744 divitias
504 2690 667 2759 despiciunt,
681 2709 749 2760 quos
760 2708 844 2761 parvo
855 2689 1000 2745 contentos

142 2766 232 2821 tenuis
249 2766 337 2821 victus
350 2766 494 2835 cultusque
514 2767 652 2833 delectat;
670 2767 787 2822 honores
802 2760 868 2822 vero
883 2783 998 2836 quorum

142 2844 292 2911 eupiditate
317 2843 430 2913 quidam
449 2844 660 2911 inflammantur,
680 2860 762 2912 quarn
777 2844 856 2898 multi
876 2844 915 2897 ita
937 2860 999 2896 con-
1089 2876 1095 2886 ·

142 2922 269 2973 temnunt
284 2922 317 2973 ut
335 2919 403 2973 nihil
422 2920 536 2985 inanius,
553 2920 620 2973 nihil
639 2937 700 2973 esso
719 2921 806 2973 levius
825 2919 1000 2974 existiment:

141 2995 264 3064 itemque
276 2999 379 3057 ¹cetera
398 3012 469 3064 quae
491 2996 655 3064 quibusdam
672 2996 845 3049 admirabilia
862 2995 999 3056 videntur,

141 3071 271 3140 permulti
284 3074 348 3125 sunt
360 3072 407 3140 qui
420 3072 565 3140 pronihilo
577 3074 684 3139 putent.
721 3071 764 3125 De
776 3070 897 3123 amicitia
904 3085 998 3122 omnes

142 3146 274 3200 adunam
290 3146 365 3201 idem
382 3147 512 3214 sentiunt,
529 3150 560 3200 et
578 3147 598 3199 ii
618 3148 665 3215 qui
681 3147 792 3200 adrem
811 3144 948 3213 publicam
967 3160 996 3217 se

143 3222 323 3289 contulerunt,
349 3226 379 3276 et
402 3223 421 3275 11
450 3222 497 3291 qui
525 3240 618 3277 rerum
641 3223 795 3290 cogn'tione
819 3218 998 3285 doctrinaque
