2200 3450
350 162 441 210 CATO
459 163 591 214 MAJOR.
626 163 703 212 OAP.
723 161 784 209 XV.
965 160 992 207 17

146 243 262 310 bivium,
275 241 322 310 qui
336 258 420 309 quum
438 258 487 296 sex
503 243 581 297 annis
596 247 662 296 ante
678 258 760 310 quam
774 257 826 308 ego
840 244 921 293 natus
935 256 994 291 siun

145 319 265 372 fabulam
293 316 430 371 docuisset
460 319 593 372 Centone
612 317 848 446 Tuditanoqncc
834 315 992 380 consulibus,

146 409 233 462 usque
252 393 286 446 nd
305 393 518 447 adolescentiam
527 410 617 448 meam
635 393 768 461 processit
786 397 885 445 aetate.
923 358 995 454 Quill

147 469 182 522 de
201 469 231 522 P.
245 469 339 521 Licinii
359 469 450 523 Crassi
469 473 499 523 et
517 469 651 537 pontificii
663 471 694 527 et
712 465 825 520 civilis
813 467 886 534 Juris
904 466 995 519 studie

147 545 262 613 loquarl
281 549 328 598 eut
316 545 375 598 tde
392 544 475 612 hujus
488 544 518 597 P.
530 544 663 612 Scipionis
676 560 723 610 qus
715 543 778 595 his
795 543 887 610 paucis
899 541 996 595 diebus

150 621 275 674 Pontifex
294 562 439 673 illeximusJ
446 620 536 673 fectus
554 621 615 674 esti
652 619 740 686 Atqui
758 634 805 672 ees
822 633 997 686 omnesquos
1060 643 1066 654 ·

148 697 354 750 commemoravi
383 695 426 749 his
455 696 554 748 studiis
586 695 735 764 flagrantes
764 711 843 747 senes
873 694 994 748 siclimns.

150 773 186 826 M.
198 789 263 827 vere
277 772 429 840 Cethegum
448 789 530 839 quem
548 776 623 825 reete
636 770 743 829 Suadee
759 770 906 823 medullam
926 770 997 822 dixit

151 849 260 914 Ennius,
279 852 380 915 quanto
399 847 490 900 studio
508 847 631 900 exerceri
648 846 677 899 in
700 846 816 900 dicende
837 845 995 899 videbamus

150 925 233 978 etiam
247 922 350 976 senem!
389 923 464 986 Quae
476 926 540 976 sunt
557 923 642 990 igitur
654 923 794 991 epularum
806 925 855 976 aut
870 921 995 976 ludorum

150 1003 198 1054 ant
209 1004 359 1053 scortorum
377 999 531 1066 voluptates
549 1015 611 1052 cum
628 997 671 1051 his
688 998 874 1067 voluptatibus
890 1014 997 1065 eompa-

150 1075 271 1130 randael
308 1077 402 1142 Atque
419 1074 487 1127 haee
499 1074 611 1142 quidem
629 1074 721 1127 studia
739 1075 887 1128 doctrinae.
920 1075 997 1137 Quae

151 1150 263 1219 quidem
286 1150 467 1220 prudentibus
491 1154 520 1204 et
548 1149 620 1204 bene
648 1150 782 1204 institutis
805 1151 910 1218 pariter
935 1166 997 1202 cum

150 1229 242 1281 aetate
254 1227 387 1292 creseunt,
399 1231 431 1278 nt
449 1225 594 1279 honestum
606 1225 675 1278 illud
693 1226 798 1279 Solonis
811 1226 853 1292 sit,
867 1225 941 1293 qnod
960 1224 999 1278 ait

150 1303 282 1357 versiculo
303 1303 430 1371 quedam,
449 1306 481 1355 nt
497 1305 545 1355 ant
546 1317 563 1354 e
533 1301 646 1368 tdixi,
659 1318 802 1354 senescere
820 1318 850 1354 se
866 1296 977 1354 multa
969 1313 998 1350 ιιι
1092 1338 1093 1341 ¹

151 1378 210 1432 dies
219 1378 361 1432 addiscent
350 1382 420 1432 tem·
414 1376 739 1462 ,ιιιιιιοΙιιριιιοιιιιίιιιι
719 1377 999 1445 nullecertepotest

125 1489 126 1494 κ
152 1455 320 1522 ossemajor.
820 1478 822 1483 ·

204 1529 266 1582 XV
283 1535 323 1581 51
342 1527 430 1580 Venio
442 1543 513 1580 nunc
525 1525 562 1579 ad
578 1525 734 1594 voluptates
751 1525 930 1593 agricolarum
942 1526 996 1594 qui

153 1603 204 1659 bus
215 1621 266 1672 ego
277 1602 477 1657 incredibiliter
488 1601 618 1668 delecter,
632 1618 702 1669 quae
714 1619 765 1655 nec
776 1601 832 1654 ulla
849 1601 997 1670 impedium

153 1682 201 1735 tur
230 1682 372 1733 senectute
401 1681 429 1733 et
453 1677 519 1731 mihi
548 1676 585 1730 ad
614 1677 744 1745 sapientis
767 1678 852 1732 vitam
877 1678 999 1747 proxime

153 1755 281 1809 ridentur
300 1754 437 1808 accedere.
473 1749 591 1807 Habent
604 1754 676 1806 enim
693 1755 827 1808 rationem
844 1771 906 1808 enm
923 1758 1000 1808 terra

155 1848 226 1899 quac
254 1847 393 1898 nunquam
416 1833 523 1883 recuset
546 1830 697 1899 imperium,
720 1847 771 1884 nec
798 1847 919 1899 unquam
943 1832 1001 1884 sine

154 1924 236 1959 usura
248 1906 340 1959 reddit
353 1907 427 1974 quod
444 1906 556 1974 aceepit,
568 1905 618 1959 sed
635 1906 703 1959 alias
714 1907 826 1973 minere,
838 1907 1001 1976 plerumque

155 1982 257 2051 majore
269 1998 330 2035 cum
342 1982 441 2035 fenore.
468 1982 640 2050 Quamquam
651 1998 696 2035 me
708 1982 819 2049 quidem
832 2000 885 2036 non
896 1983 1000 2036 fructus

155 2058 235 2112 modo
253 2058 303 2112 scd
320 2059 403 2113 etiam
420 2058 505 2127 ipsius
522 2062 616 2112 terrae
633 2058 674 2111 vis
691 2074 724 2112 ac
743 2062 844 2112 natura
867 2059 1001 2124 delectnt3

156 2152 225 2204 quae
243 2151 327 2204 quum
346 2135 450 2203 gremio
467 2134 571 2188 mollito
588 2151 620 2193 ac
637 2134 750 2187 subacto
768 2137 1000 2203 sparsum'semen

155 2212 270 2280 excepit,
283 2212 401 2279 primum
412 2210 440 2264 id
459 2214 630 2264 eecoecatnm
648 2210 764 2277 cohibet,
777 2228 811 2264 ex
829 2226 884 2279 que
900 2211 1002 2263 occatio

156 2304 225 2356 quae
236 2288 286 2342 hoc
298 2288 378 2342 efficit
390 2288 527 2340 nenrinata
539 2292 597 2352 est3
613 2286 713 2340 deinde
725 2287 891 2354 tepefactum
903 2302 1003 2353 vapore

155 2366 185 2417 et
196 2380 351 2431 compressu
363 2380 414 2417 sno·
424 2363 542 2417 diffindit
560 2367 590 2416 et
609 2363 682 2415 elicit
699 2362 906 2415 herbescentem
918 2378 952 2414 ex
970 2379 1002 2415 ee

156 2440 339 2503 viriditatem
356 2455 426 2507 quoe
438 2440 502 2491 nixa
521 2439 598 2492 fibris
610 2438 738 2507 stirpium
752 2439 852 2492 sensim
864 2437 1003 2504 adolescit,

156 2516 298 2583 culmoque
321 2517 413 2568 erecta
436 2516 589 2582 geniculato
613 2515 718 2583 vaginis
732 2514 792 2584 jem
811 2515 888 2584 qnasi
905 2514 1003 2583 pubes-

156 2606 220 2643 cens
231 2590 380 2644 ineluditur
387 2612 394 2657 3
412 2609 427 2645 e
440 2592 540 2661 quibus
560 2610 644 2660 quum
662 2593 782 2660 emersit,
793 2591 885 2645 fundit
896 2591 1003 2659 frugem

156 2667 222 2736 spici
234 2666 329 2721 ordine
341 2672 474 2721 struerem
486 2672 515 2722 ct
532 2672 628 2723 centra
644 2670 735 2722 annm
752 2669 887 2721 minorum
899 2681 1004 2718 mersus

156 2742 278 2799 munitur
294 2744 365 2797 vallo
382 2745 535 2799 aristarum.
570 2750 611 2799 52.
631 2744 704 2810 Quid
727 2763 777 2814 ege
794 2746 896 2799 ⁴sitium
919 2745 1004 2808 ortus,

156 2824 239 2889 satus,
254 2822 421 2875 incrementa
439 2822 668 2875 commemorem?
704 2822 804 2877 Satiari
823 2818 1005 2875 delectatione

156 2912 209 2949 ιιοιι
221 2913 337 2965 possum,
349 2901 381 2951 ut
393 2913 470 2949 meac
483 2899 633 2952 senectutis
650 2898 805 2967 requietem
824 2897 1005 2951 oblectamen-

156 2974 271 3039 tumque
282 2974 409 3026 noscntis.
434 2972 539 3026 Omitte
553 2974 625 3027 enim
638 2974 692 3027 rim
705 2976 792 3043 ipsam
804 2973 922 3026 omnium
935 2987 1005 3038 qnae

155 3051 321 3114 generantur
339 3065 355 3101 e
372 3052 456 3113 tona,
475 3065 545 3116 quse
563 3065 598 3102 ex
615 3050 660 3103 liei
680 3051 786 3103 tantulo
803 3066 888 3117 grano
905 3052 954 3099 eut
970 3063 1005 3098 ex

156 3122 224 3176 acini
240 3164 242 3169 ,
256 3124 364 3177 vinaceo
388 3127 436 3177 aut
460 3140 494 3177 ex
518 3128 673 3178 ceterarum
695 3122 806 3192 frugum
827 3140 859 3177 se
879 3122 1005 3188 stirpium

156 3198 345 3259 minutissimis
366 3198 514 3253 seminibus
535 3202 627 3253 tantos
648 3203 759 3252 trunces
781 3212 924 3264 remosque
944 3210 1006 3261 pre·
