2200 3450
104 188 131 234 14
327 183 364 232 M.
383 183 506 232 TULLII
531 181 722 231 CICERONIS

101 265 166 318 dum
189 263 229 318 ita
250 263 391 330 gauderet,
413 263 476 314 nihil
498 263 602 330 agitare
625 268 724 332 mente,
746 265 812 318 nihil
837 260 950 331 rationo,

101 338 166 392 nihil
188 339 350 403 cogitatione
361 340 501 404 ¹consequi
518 343 618 406 posset.
655 340 787 404 Quocirca
804 340 871 393 nihil
891 355 951 390 csse

103 414 160 463 tani
173 409 337 463 detestabile
349 412 460 477 tamque
472 409 631 477 pestiferum
641 426 721 477 quam
731 407 899 475 voluptatem
909 425 916 469 ;
928 406 951 458 si

103 485 213 552 quidem
230 502 270 552 ea,
286 503 369 554 quum
386 485 472 552 major
490 488 564 538 essct
580 489 663 553 atque
679 483 857 551 longinquior,
872 497 952 535 cume

59 593 66 603 ·
103 561 184 613 animi
201 562 293 614 lumen
309 561 518 628 exstingueret.”
556 562 633 614 Haec
646 578 707 614 eum
721 561 750 612 O.
764 559 863 612 Pontio
876 557 952 611 Sam-

103 633 168 697 nIte,
187 636 266 700 patre
286 636 345 699 ejus
365 650 381 684 a
400 649 453 699 quo
473 631 596 685 Caudino
614 631 717 700 praelio
735 631 781 700 Sp.
794 628 951 684 Postumius

103 708 132 760 T.
145 709 276 761 Veturius
295 707 417 760 consules
436 708 557 776 superati
576 711 646 774 sunt,
664 707 786 761 loentum
800 707 951 774 Archytam

104 783 244 836 Nearchus
269 783 438 849 Tarentinus,
462 783 561 851 hospes
584 784 684 847 noster,
709 783 757 850 qui
780 783 809 835 in
833 781 952 835 amicitia

103 859 195 926 populi
211 859 324 910 ltornani
336 862 530 926 permanserat,
548 875 578 912 sc
596 875 612 911 a
629 858 779 927 majoribus
793 860 861 910 natu
877 872 952 910 acce

104 935 176 1000 pisse
200 933 317 1000 dicebat,
347 950 430 1002 quum
454 933 566 1006 quidem
590 935 616 987 ei
641 934 758 988 sermoni
782 933 952 986 interfuisset

106 1011 183 1062 l’lato
201 1009 383 1074 Atheniensis,
402 1027 483 1078 quem
496 1009 645 1064 Tarentum
663 1011 770 1064 venisse
788 1010 818 1063 L.
839 1008 952 1062 Camillo

105 1087 195 1154 Appio
215 1086 329 1139 Claudio
346 1086 501 1140 consulibus
518 1088 633 1156 reperio.
669 1093 710 1140 42.
729 1087 851 1151 Quorsus
867 1085 951 1138 hecel

105 1162 146 1214 Ut
157 1162 325 1230 intelligatis,
339 1162 361 1214 si
373 1162 541 1230 voluptatem
554 1164 693 1230 aspernari
711 1162 817 1216 ratione
835 1165 863 1214 ct
882 1161 951 1228 sapi-

104 1238 180 1291 entia
195 1255 248 1290 non
261 1254 409 1307 possemus,
422 1255 548 1306 magnam
565 1239 720 1292 habendam
739 1237 873 1292 senectuti
891 1251 951 1303 gra-

105 1313 179 1381 tiam,
197 1329 267 1380 quae
285 1313 406 1366 effecerit
422 1316 454 1366 ιιι
472 1314 501 1366 id
513 1331 566 1366 non
578 1315 679 1368 liberet
692 1314 765 1382 quod
778 1331 832 1366 non
845 1315 951 1380 oporte

105 1393 157 1442 ret.
194 1387 315 1457 Impedit
332 1390 403 1442 enim
422 1389 563 1443 consilium
575 1390 716 1460 voluptas;
733 1391 832 1443 rationi
844 1388 952 1442 inimica

105 1470 147 1518 cst
168 1481 199 1518 ac
220 1466 327 1531 mentis,
349 1469 381 1518 ut
404 1465 444 1518 ita
467 1466 564 1533 dicam,
584 1467 763 1535 praestrIngit
786 1465 884 1529 oculos,
902 1479 952 1516 nec

104 1541 188 1595 habet
200 1541 284 1594 ullum
297 1558 357 1595 curn
370 1541 473 1595 virtuto
491 1541 687 1596 commercium.
725 1542 831 1594 Invitus
850 1541 901 1593 feei
920 1541 951 1591 ut

105 1616 244 1670 fortissimi
265 1617 316 1669 viri
338 1617 366 1668 T.
387 1616 530 1672 Flaminini
552 1617 666 1670 fratrem
686 1618 715 1670 L.
737 1617 917 1669 Flamininum
935 1630 951 1666 o

106 1691 209 1746 Senatu
228 1692 354 1759 ejicerem
374 1695 480 1761 septem
501 1693 578 1746 annis
597 1696 660 1762 post
677 1709 759 1762 quam
777 1691 869 1746 consul
886 1690 952 1745 fuis

106 1772 165 1833 set;
184 1768 232 1820 sed
251 1768 396 1827 notandam
409 1769 504 1836 putavi
521 1768 670 1822 libidinem.
707 1770 764 1826 Ille
777 1768 849 1821 onim
867 1783 951 1835 quum

106 1846 179 1897 essct
196 1843 296 1910 consul,
313 1843 341 1895 in
360 1843 449 1897 Gallia
461 1848 589 1897 exoratus
601 1844 629 1896 in
640 1844 761 1897 convivio
774 1861 790 1897 a
802 1847 891 1897 scorto
909 1844 952 1895 est
989 1871 992 1876 ·

105 1922 138 1973 ut
156 1919 242 1972 securi
258 1920 354 1972 feriret
371 1919 489 1987 aliquem
506 1937 599 1973 corum
618 1920 665 1987 qui
683 1920 711 1972 in
729 1919 843 1973 vinculis
860 1921 953 1972 essent

106 1995 227 2047 damnati
252 1994 293 2047 rei
315 1995 445 2062 capitalis.
484 1996 538 2048 Hic
562 1996 624 2049 'lito
648 1996 736 2049 fratre
760 2011 808 2049 suo
833 2010 952 2059 censore,

106 2070 152 2137 qui
173 2070 313 2137 proximus
330 2074 394 2123 ante
415 2088 459 2124 me
480 2071 706 2139 fuerat'elapsus
724 2075 782 2135 est;
803 2070 871 2123 mihi
888 2085 953 2122 vcro

106 2149 135 2199 et
156 2145 253 2198 Flacco
272 2146 431 2213 neutiquam
450 2146 560 2215 probari
581 2148 672 2214 potuit
692 2150 749 2199 tam
769 2146 904 2213 flagitiosa
924 2147 954 2197 et

106 2225 162 2274 tam
176 2220 285 2288 perdIta
296 2221 381 2274 libido
391 2238 461 2290 quae
473 2239 534 2275 cunr
547 2221 647 2289 probro
655 2222 763 2290 privato
774 2219 953 2289 conjungeret

106 2296 214 2365 imperii
226 2296 352 2352 dedecus.
421 2326 424 2331 ·
714 2330 717 2334 ²

158 2372 243 2426 XIII.
272 2378 312 2426 43.
339 2373 426 2440 Saepo
445 2372 536 2424 audivi
555 2388 572 2424 a
592 2371 742 2439 majoribus
764 2376 839 2438 natu,
858 2374 953 2439 quise
995 2404 1000 2411 -

106 2464 186 2515 porro
198 2464 296 2515 pueros
309 2466 325 2501 a
343 2448 452 2501 senibus
469 2448 578 2501 audisse
591 2448 726 2514 dicebant,
739 2448 832 2501 mirari
841 2447 954 2501 solitum

108 2522 135 2574 O.
148 2522 307 2587 Fabricium,
317 2524 398 2591 quod,
411 2540 495 2591 quum
507 2523 580 2591 apud
592 2541 685 2591 regom
699 2524 835 2592 Pyrrhum
846 2523 954 2590 legatus

107 2602 187 2664 esset,
200 2598 322 2652 audisset
338 2615 354 2651 a
367 2599 495 2652 Thessalo
509 2600 593 2652 Cinea
604 2615 665 2652 csse
683 2600 821 2668 quendam
835 2597 954 2652 Athenis

107 2676 153 2741 qui
176 2691 205 2727 se
226 2674 377 2742 sapientem
400 2676 586 2743 profiteretur,
605 2691 723 2744 cumque
748 2676 839 2729 dicere
863 2674 955 2727 omnia

107 2766 177 2817 quae
189 2749 339 2803 faceremus
351 2751 387 2803 ad
399 2751 568 2819 voluptatem
581 2767 641 2804 osse
653 2751 815 2815 referenda3
832 2750 907 2820 quod
920 2766 955 2803 ex

107 2841 139 2876 eo
163 2825 306 2878 audientes
331 2826 376 2879 Μ’.
398 2826 509 2879 Onrium
534 2830 564 2879 ct
585 2827 613 2879 Τ.
635 2827 833 2880 Coruncanium
857 2829 955 2894 optare

108 2899 199 2953 solitos
211 2904 243 2953 ut
255 2900 285 2953 id
298 2901 466 2955 Samnitibus
483 2902 590 2970 ipsique
609 2901 714 2967 Pyrrho
731 2900 954 2969 persuaderetur,

107 2991 162 3043 quo
173 2976 278 3029 facilius
294 2977 364 3030 vinei
381 2981 492 3045 possent
510 2994 595 3044 quum
614 2993 643 3029 se
660 2975 847 3043 voluptatibus
865 2976 956 3030 dedis-

107 3055 175 3105 sent.
212 3051 327 3105 Vixerat
346 3053 390 3106 Μ’.
403 3052 501 3107 Curius
512 3068 575 3105 cum
589 3052 621 3106 P.
634 3051 718 3105 Decio
736 3051 784 3118 qui
802 3052 956 3120 quinquen-

106 3126 151 3202 nio
175 3130 252 3189 ante,
269 3144 332 3181 eum
358 3129 495 3182 consulem
525 3143 555 3181 se
584 3143 634 3195 pro
657 3143 688 3179 re
717 3125 827 3194 publica
856 3131 955 3195 quarto

107 3202 248 3257 consulatu
265 3203 419 3258 devoverat.
455 3203 544 3256 Norat
568 3201 685 3257 eundem
709 3200 858 3269 Fabricius,
875 3206 956 3255 norat
