2200 3450
113 178 144 224 80
283 216 286 223 ,
340 170 378 218 M.
396 168 524 219 TULLII
542 167 732 219 CICERONIS

111 274 194 328 quam
204 271 260 326 quo
272 253 403 307 haberem
415 249 483 320 quid
500 250 655 304 scriberem.
694 251 785 319 Igitur
800 252 861 308 illa:
878 269 962 322 quan·

111 338 171 388 tnm
190 349 234 385 me
254 330 351 398 diligis,
368 332 476 382 tantum
498 326 598 380 adhibe
617 327 645 380 in
664 331 694 382 te
713 327 878 396 diligentiae.
916 331 963 384 Ad

111 414 161 464 tua
172 405 379 461 innumerabilia
390 407 419 456 in
431 420 476 456 me
488 404 576 459 officia
588 404 661 457 adde
673 404 724 458 hoc
737 404 810 473 quod
827 406 895 459 mihi
910 409 963 462 erit

111 485 297 554 gratissimum
317 484 443 537 omnium.
487 484 577 548 Quum
598 480 762 534 valetudinis
779 481 919 552 rationem,
932 487 964 537 ut

112 579 198 632 spero,
211 562 346 627 habueris,
361 559 461 615 habeto
475 563 559 617 etiam
576 563 764 630 navigationis.
801 560 835 613 In
854 561 963 614 Italicam

112 639 240 693 cuntibus
259 639 384 694 omnibus
406 640 442 693 ad
461 658 506 695 me
525 640 621 694 literas
641 641 728 710 dabis,
739 646 772 696 ut
787 659 837 710 ego
852 645 964 696 euntem

113 717 211 771 Patras
223 719 357 772 neminem
373 719 572 787 praetermitto.
611 719 691 788 Cura,
705 737 771 773 cura
783 724 819 785 te,
832 719 870 772 mi
887 718 963 771 Tiro:

113 793 240 861 quoniam
254 812 306 848 non
319 795 434 861 contigit
446 799 478 847 nt·
491 793 734 863 simul'navigares‚
747 795 816 850 nihil
833 799 875 848 ost
892 795 965 863 quod

47 878 50 885 ’
112 868 240 934 festines;
266 886 317 923 nec
341 869 492 938 quidquam
511 887 590 924 cures
610 871 662 924 nisi
686 874 718 924 ut
739 873 837 926 valeas.
874 870 973 923 Etiam¹

112 947 196 1012 atquc
208 944 291 998 etiam
304 945 370 998 valo.
401 961 449 999 vn.
465 946 533 998 Idus
545 947 571 999 N
573 945 691 999 osembr.
705 947 795 1016 Actia·
805 946 920 1016 vesperi.

164 1074 202 1124 17.
236 1052 396 1124 TULLIUS
412 1076 456 1123 ET
474 1076 603 1125 CICERO
621 1077 646 1125 S.
665 1076 698 1126 D.
717 1076 844 1125 TIRONI
861 1076 937 1126 SUO.

374 1176 437 1237 (xva
452 1176 475 1226 7.
510 1189 536 1224 s.
549 1189 574 1226 u.
588 1188 610 1224 o.
630 1176 696 1236 704.)

113 1264 266 1334 Septimum
291 1262 351 1333 jam
381 1265 455 1318 diem
480 1264 614 1333 Corcyrae
642 1264 810 1319 tenebamur.
848 1263 965 1329 Quintus

113 1345 205 1394 autem
219 1344 300 1409 pater
315 1344 344 1393 et
357 1341 428 1393 iilius
444 1340 583 1394 Buthroti.
621 1339 734 1393 Solliciti
750 1356 857 1393 eramus
870 1341 905 1394 de
917 1344 965 1393 tua

113 1416 269 1470 valetudine
290 1416 390 1469 mirum
412 1417 441 1468 in
462 1417 582 1481 modmn,
602 1434 653 1470 nec
674 1415 840 1468 mirabamur
862 1416 927 1468 nihil
949 1434 965 1469 a

113 1500 142 1546 te
160 1493 309 1547 literarum.
348 1493 386 1545 lis
408 1493 480 1546 enini
502 1494 591 1546 ventis
612 1493 692 1546 istinc
711 1493 856 1560 navigatur
874 1493 920 1561 qni
942 1494 965 1546 si

113 1573 212 1633 essent,
227 1586 276 1622 nos
288 1569 423 1632 Corcyrae
437 1586 492 1622 non
505 1570 668 1623 sederemus.
707 1569 780 1622 Oura
792 1569 879 1636 igitur
893 1573 922 1622 to
936 1573 965 1622 et

114 1647 256 1714 continua:
277 1649 306 1699 et
323 1662 407 1714 quum
419 1646 560 1700 commode
572 1650 601 1700 et
613 1662 664 1715 per
676 1645 861 1700 valetudinem
876 1650 905 1700 et
916 1663 965 1715 per
1037 1705 1040 1714 .
1053 1693 1055 1700 ,

113 1723 177 1777 anni
200 1736 309 1792 tompus
334 1722 462 1791 navigare
490 1720 662 1791 poteris,.ad
689 1740 739 1777 nos
766 1723 966 1777 amantissimos

114 1800 155 1853 tui
172 1800 241 1854 veni.
277 1800 366 1853 Nemo
383 1816 433 1853 nos
451 1804 525 1854 amat
542 1801 591 1870 qui
610 1803 639 1855 te
663 1818 716 1854 non
736 1801 842 1869 diligat.
879 1801 966 1854 Carus

115 1875 240 1928 omnibus
259 1879 475 1944 expectatusque
495 1878 596 1929 venies.
634 1876 707 1930 Cura
725 1881 758 1930 ut
773 1876 865 1931 valeas
882 1876 966 1930 etiam

114 1957 198 2019 atque
211 1952 302 2018 etiam,
314 1950 378 2003 Tiro
390 1954 490 2004 noster.
522 1950 599 2005 Vale.
630 1967 675 2004 xv.
688 1952 805 2006 Kalend.
820 1951 964 2007 Deccmbr.

117 2028 241 2095 Corcyra.

280 2127 319 2173 18.
353 2124 480 2173 CICERO
498 2124 527 2171 T.
546 2124 674 2173 TIRONI
692 2126 759 2175 SUO
777 2126 803 2174 S.

373 2213 489 2276 (xv1.·25.
524 2228 552 2264 s.
565 2226 589 2262 u.
603 2228 625 2263 c.
645 2216 709 2273 tio.)

116 2297 175 2351 Etsi
186 2297 265 2365 justa
276 2299 306 2349 et
322 2295 421 2349 idonea
434 2312 500 2349 usus
518 2312 548 2349 es
567 2298 741 2351 excusatione
757 2298 966 2353 intermissionis

115 2371 485 2438 l.teraru1ntuarum,tamen
497 2370 573 2425 idne
586 2372 692 2440 saepius
706 2372 789 2425 iacias
798 2390 870 2441 rogo.
896 2375 966 2427 Nam

115 2448 167 2501 etsi
180 2448 216 2502 de
227 2464 257 2501 re
269 2447 378 2515 publiea
389 2447 544 2501 rumoribus
557 2450 586 2501 et
598 2446 700 2501 nuntiis
717 2448 818 2500 certior
835 2448 876 2512 fio,
890 2455 918 2501 at
930 2450 966 2501 de

117 2542 165 2577 aua
184 2524 213 2576 in
233 2540 278 2577 me
298 2523 439 2576 voluntate
457 2540 566 2591 semper
587 2524 623 2577 ad
645 2539 690 2576 me
713 2522 860 2591 perscribit
880 2528 966 2592 pater,

116 2604 208 2653 tamen
225 2600 261 2653 de
277 2599 375 2668 quavis
390 2600 503 2653 minima
519 2617 550 2653 re
563 2601 665 2669 scripta
677 2616 694 2653 a
706 2603 735 2653 te
747 2601 783 2654 ad
795 2618 839 2655 me
851 2601 967 2669 epistola

98 2688 225 2742 'semper
246 2675 300 2728 fuit
321 2675 483 2741 gratissima.
521 2676 612 2740 Quare
636 2693 720 2745 quum
741 2677 770 2730 in
790 2676 887 2745 primis
905 2681 968 2731 tuas

117 2750 271 2804 desiderem
283 2749 387 2817 literas,
395 2751 450 2803 noli
462 2752 634 2805 committere
647 2755 678 2805 ut
690 2752 865 2805 excusatione
875 2751 967 2820 potius

117 2827 227 2894 expleas
238 2825 356 2880 officium
368 2825 505 2879 scribendi
518 2842 601 2894 quarn
610 2826 772 2881 assiduitate
782 2826 969 2895 epistolarum.

120 2902 191 2955 Vale.

345 2981 384 3029 19.
411 2980 540 3028 CICERO
559 2979 692 3029 SERVIO
710 2979 737 3031 S.

379 3070 449 3129 (x111.
462 3072 501 3116 20.
536 3082 561 3115 A.
577 3081 600 3116 a.
614 3081 635 3117 c.
657 3067 722 3127 708.)

119 3146 274 3217 Asclapone
295 3147 421 3202 Patrensi
442 3144 632 3201 medico'utor
652 3146 830 3213 fanriliariter,
852 3132 968 3217 'ejusque

119 3238 203 3289 quum
221 3222 476 3277 eonsuetud0·mihi
495 3220 619 3291 jucunda
641 3220 702 3287 fuit,
724 3224 783 3274 tum
807 3238 852 3275 ars
876 3222 968 3295 ctiam,
