2200 3450
344 169 395 216 An
414 168 588 226 ausurum
608 168 789 217 sauricum.
964 131 994 224 tl

136 256 228 310 animo
239 256 321 322 parte
332 249 425 317 aliqua
436 265 546 302 suorum
565 248 702 302 fructuum
714 265 810 316 pacem
826 249 879 303 sibi
897 251 997 320 sempl-

137 333 247 384 tcrnam
258 325 377 379 redimat
389 328 474 392 atquc
486 325 580 376 otium.

174 403 242 458 XII.
260 408 300 456 35.
328 400 407 466 Quod
428 401 451 453 si
475 417 562 466 genus
580 400 670 468 ipsum
690 403 720 454 et
739 417 837 454 nomen
858 398 997 470 publicani

138 496 193 534 non
211 479 304 546 iniquo
324 476 414 529 animo
434 475 615 541 sustinebunt,
637 479 768 544 poterrmt
787 476 821 528 iis
838 478 947 530 consilio
970 482 999 531 ct

138 555 286 625 prudentia
318 556 367 606 tua
396 552 503 619 reliqua
533 552 621 604 videri
653 553 770 605 mitiora.
820 552 939 606 Possunt
971 554 999 606 in

138 631 309 700 pactionibus
321 627 451 682 faciendis
463 644 516 680 non
532 627 623 694 legem
642 631 766 695 spectaro
784 629 934 681 censoriam
951 629 1000 682 sed

139 707 231 774 potius
243 703 463 758 commoditatem
476 702 638 756 conficiendi
648 703 752 771 negotii
765 707 794 756 et
807 702 1000 757 liberationem

139 781 287 835 molestiae.
324 779 408 832 Potes
428 779 511 832 etiam
532 784 565 833 tu
586 779 616 831 id
642 779 733 832 facere
757 780 831 846 quod
857 784 886 834 et
910 780 1000 834 fecisti

140 857 251 926 egregie
262 859 291 909 et
302 856 375 922 facis,
388 859 421 909 ut
433 871 628 909 commemores
639 859 742 924 quanta
756 855 792 907 sit
805 855 833 907 in
847 856 1001 924 publicanis

141 933 270 1001 dignitas,
283 935 417 1000 qnantum
427 947 479 984 nos
494 931 534 983 illi
556 931 645 984 ordini
667 931 822 998 debeamus,
843 935 875 986 ut
894 937 1000 986 remoto
1097 963 1098 972 κ

141 1009 256 1076 imperio
279 1024 311 1060 ac
334 1006 361 1059 vi
386 1007 535 1075 potestatis
560 1011 589 1060 ct
612 1007 726 1060 fascium
755 1006 912 1075 publicanos
938 1025 999 1061 cum

142 1083 253 1138 Graccis
264 1083 354 1150 gratia
366 1086 451 1150 atque
467 1083 633 1136 anctoritate
652 1083 807 1150 conjungas
846 1084 901 1137 Sed
920 1088 949 1137 et
965 1084 1000 1138 ab

143 1160 175 1213 iis
185 1161 221 1213 de
233 1159 331 1228 quibus
345 1159 448 1227 optime
460 1162 492 1212 tu
504 1159 619 1213 meritus
632 1176 661 1213 es
675 1163 704 1212 ct
717 1160 763 1227 qui
776 1159 828 1212 tibi
844 1159 934 1214 omnia
953 1160 1000 1214 de-

144 1235 210 1289 bent
221 1236 272 1288 hoc
283 1238 370 1302 petas,
383 1238 415 1287 ut
426 1235 559 1288 facilitate
573 1251 621 1288 sua
633 1252 682 1288 nos
696 1252 756 1288 eam
769 1235 999 1288 necessitudinem

142 1315 272 1380 quaeest
292 1310 371 1364 nobis
391 1327 453 1364 cum
474 1310 626 1379 publicanis
645 1311 773 1378 obtinere
791 1314 819 1364 ct
842 1319 1000 1364 conservare

142 1388 290 1455 patiantur.
325 1392 366 1440 36.
378 1386 441 1445 ,Sed
460 1387 527 1454 quid
544 1403 596 1454 ego
613 1390 642 1440 te
662 1387 728 1439 haec
750 1386 852 1454 hortor,
876 1403 947 1455 quae
970 1392 999 1441 tn

142 1479 198 1516 nou
210 1463 290 1515 modo
300 1463 390 1514 lacere
399 1464 478 1530 potes
487 1465 536 1514 tua
555 1465 650 1530 sponte
671 1463 728 1515 sine
746 1461 906 1530 cujusquam
923 1479 999 1531 prae-

142 1539 237 1606 ceptis,
251 1537 396 1590 sedetiam
412 1554 511 1604 magna
523 1537 583 1604 jam
597 1554 631 1590 ex
648 1541 728 1606 parte
745 1537 903 1606 perfecistil
939 1538 1000 1591 Non

142 1615 216 1667 onim
235 1614 373 1666 desistunt
394 1613 472 1666 nobis
491 1630 573 1680 agere
596 1613 719 1681 quotidie
739 1613 844 1680 gratias
869 1614 1000 1668 honestis-

143 1690 227 1744 simae
239 1693 268 1744 ct
280 1691 414 1744 maximae
425 1688 578 1758 societates,
592 1689 667 1758 quod
688 1689 801 1759 quidem
814 1689 889 1743 mihi·
901 1690 1001 1744 idcirco

141 1766 288 1834 jucundius
307 1769 358 1835 cst,
375 1765 450 1835 quod
463 1765 536 1819 idem
554 1766 656 1821 faciunt
673 1766 778 1821 Gracci.
825 1765 941 1821 Difficile
959 1773 1001 1821 est
1097 1802 1098 1807 =

142 1847 277 1897 antemea
289 1859 360 1911 quae
371 1841 528 1909 commodis,
546 1842 668 1897 utilitate
685 1846 713 1896 et
737 1860 823 1912 prope
844 1846 942 1897 natura
962 1843 1001 1895 di-

142 1934 222 1973 versa
233 1923 304 1987 sunt,
317 1919 458 1972 voluntate
475 1918 645 1987 conjungere.
683 1923 724 1973 At
744 1936 777 1973 ca
794 1919 914 1987 quidem,
931 1936 1001 1986 quae

143 2013 225 2065 supra
237 1996 338 2064 scripta
347 1999 418 2062 sunt,
431 2012 484 2049 non
496 2000 528 2049 ut
545 1999 574 2049 tc
591 1996 767 2050 instituerem
789 1994 891 2063 scripsi,
913 2012 1002 2063 neque

143 2071 215 2125 enim
226 2071 375 2140 prudentia
382 2075 432 2125 tua
443 2070 605 2139 cujusquam
625 2075 772 2140 praccepta
789 2071 935 2137 desiderat,
954 2069 1002 2123 scd

143 2163 187 2199 mc
199 2148 227 2200 in
239 2147 381 2201 scribendo
393 2148 614 2201 commemoratio
634 2152 698 2201 tuae
715 2147 827 2200 virtutis
839 2146 1001 2200 delectavit:

144 2240 309 2291 quamquam
317 2223 346 2275 in
356 2224 399 2277 his
410 2223 511 2277 litteris
523 2223 628 2289 longior
639 2224 679 2277 sui
691 2240 773 2291 quam
786 2225 834 2275 aut
846 2222 942 2275 vellem
955 2225 1003 2274 aut

145 2316 226 2367 quam
238 2316 283 2351 mc
294 2298 388 2366 putavi
399 2298 466 2351 fore.
1097 2336 1098 2361 2

180 2374 265 2426 XIII.
292 2380 333 2428 37.
355 2374 447 2426 Unum
468 2376 512 2426 cst
529 2371 604 2439 quod
626 2372 678 2424 tibi
698 2388 748 2437 ego
774 2370 929 2439 praecipere
949 2388 1002 2424 non
1097 2408 1098 2427 2

146 2449 274 2515 desinam,
287 2464 376 2515 neque
386 2451 416 2501 tc
427 2448 523 2515 patiar,
535 2450 668 2515 quantum
686 2448 740 2501 erit
759 2448 787 2499 in
804 2463 855 2513 me,
876 2464 937 2499 cum
958 2464 1003 2499 cx·

147 2524 394 2593 ceptionolaudari.
432 2523 533 2576 Omnes
545 2523 618 2576 enirn
630 2524 677 2591 qui
689 2523 770 2577 istinc
782 2522 903 2591 veniunt,
916 2523 956 2576 ita
969 2524 1005 2577 de

147 2605 196 2655 tua
205 2602 315 2667 virtute,
327 2599 493 2667 integritate,
506 2600 676 2667 humanitate
690 2603 910 2667 commemorant,
928 2604 960 2653 ut
976 2600 1004 2652 in
1097 2604 1098 2633 ³

147 2678 202 2731 tuis
214 2677 326 2731 summis
336 2676 464 2730 laudibus
472 2677 700 2745 excipiantunam
711 2676 889 2731 iracundiam.
927 2678 1005 2741 Quod
1069 2736 1072 2741 .

147 2754 244 2807 vitium
268 2770 352 2822 quum
375 2754 404 2806 in
427 2754 478 2807 hac
500 2753 608 2821 privata
628 2753 844 2823 quotidianaque
863 2754 920 2807 vita
939 2752 1005 2805 levis
1097 2756 1098 2817 ,

148 2845 207 2881 esse
218 2830 300 2882 animi
312 2834 396 2899 atque
408 2830 509 2883 infirmi
518 2830 635 2899 videtur,
649 2834 708 2884 tum
722 2847 787 2883 vcro
803 2829 871 2883 nihil
888 2833 930 2883 est
948 2832 1005 2881 tam
1097 2824 1098 2883 Ξ

150 2904 270 2960 deforme
289 2924 371 2974 quam
383 2906 420 2959 ad
436 2923 571 2959 summum
592 2908 736 2976 imperium
763 2906 846 2961 etiam
871 2904 1005 2969 ,acerbitas
1097 2900 1098 2943 l

132 3049 135 3057 ¹
149 2984 207 3033 tem
218 2986 331 3035 naturae
342 2982 500 3050 adjungere.
537 2983 627 3046 Quare
645 2983 712 3035 illud
730 3000 783 3037 non
806 2982 950 3052 suscipiam
966 2983 1007 3049 ut,
1097 2978 1098 2991 ¹

151 3074 221 3124 quae
236 3058 272 3110 ds
287 3058 429 3111 iracundia
448 3058 502 3111 dici
522 3060 609 3112 solent
625 3076 641 3111 a
663 3060 826 3123 doctissimis
843 3056 1006 3117 hominibus,
1050 3122 1055 3137 ι

151 3149 184 3185 aa
194 3150 264 3185 nunc
274 3133 327 3187 tibi
339 3150 480 3202 exponam,
493 3152 578 3203 quum
589 3138 617 3188 et
634 3134 714 3188 nimis
731 3135 829 3202 longus
844 3150 903 3187 esse
923 3131 1006 3184 nolim

151 3213 181 3270 ct
192 3225 225 3269 er
237 3208 385 3271 multorum
397 3209 506 3284 scriptis
517 3226 551 3263 aa
559 3208 638 3263 facile
650 3210 736 3277 possis
748 3222 925 3274 cognoscere:
939 3204 1007 3257 illud
