2200 3450
349 493 388 548 M.
408 492 539 546 TULLII
560 493 763 549 CICERONIS

156 669 327 742 LAELIUS
350 669 439 739 sliu*
463 668 514 739 Dli
537 659 724 739 AMICITIA.
746 667 955 741 onmem.

452 870 659 880 —-——-—--—-

189 1005 211 1057 I.
248 1011 269 1058 1.
307 1003 337 1068 Q.
351 1004 457 1057 Mucius
471 1021 560 1072 augur
574 1003 662 1056 multa
676 998 831 1054 narrarede
845 999 874 1051 C.
888 998 982 1051 Laelio
1053 1029 1058 1038 ·

135 1097 228 1133 socero
247 1096 296 1133 suo
315 1081 473 1133 memoriter
489 1083 519 1133 et
530 1068 773 1147 jucundosolebat
790 1091 840 1128 neo
855 1073 982 1127 dubitare

134 1156 211 1208 illum
223 1157 250 1209 in
263 1156 335 1208 omni
348 1172 472 1209 sermono
484 1156 621 1224 appellare
633 1153 790 1222 sapientem.
820 1152 878 1219 Ego
890 1157 982 1206 autem

134 1249 151 1284 a
166 1235 246 1298 patre
261 1232 300 1285 ita
318 1249 392 1284 eram
405 1232 541 1286 deductus
558 1231 595 1284 ad
611 1229 766 1284 Scaevolam
784 1233 894 1297 sumpta
911 1228 982 1281 virili

134 1312 205 1376 toga,
217 1312 249 1361 ut
260 1307 352 1376 quoad
364 1325 470 1375 possem
484 1313 513 1362 et
526 1308 620 1361 liceret
633 1325 649 1359 a
661 1307 733 1359 senis
745 1306 833 1360 latere
845 1323 982 1374 nunquam

135 1383 312 1438 discederem.
351 1385 449 1451 ltaque
466 1385 553 1438 inulta
569 1383 604 1436 ab
622 1402 654 1437 eo
671 1383 822 1452 prudenter
835 1385 982 1452 disputata,

135 1461 221 1514 multa
244 1461 327 1514 etiam
351 1460 470 1514 breviter
480 1465 509 1512 et
521 1460 663 1512 eournrode
674 1463 747 1512 dieta
756 1462 902 1514 memoriae
911 1478 983 1514 man-

135 1536 240 1600 dabam,
253 1537 368 1605 fierique
383 1536 528 1590 studebam
542 1536 603 1604 ejus
615 1537 762 1605 prudentia
774 1537 887 1590 doctior.
923 1538 983 1602 Quo

135 1617 242 1666 mortuo
255 1614 343 1666 moad
355 1614 512 1681 pontificem
524 1614 679 1670 scaevolam
690 1615 800 1669 contuli.
809 1631 890 1682 quem
899 1632 983 1668 uuum

135 1694 244 1743 nostrae
255 1690 374 1744 civitatis
386 1695 415 1745 et
429 1690 538 1760 iugenio
555 1696 584 1746 et
595 1691 706 1760 justitia
720 1692 983 1761 praestantissimum

136 1768 223 1821 audeo
238 1766 335 1821 dicere.
374 1768 429 1821 Sed
446 1768 481 1821 de
498 1769 548 1822 hoc
564 1769 643 1821 alias:
662 1786 733 1821 nune
748 1769 831 1822 redeo
848 1770 884 1822 ad
900 1786 984 1836 augu-

136 1844 201 1897 rem.
233 1850 254 1895 2.
276 1843 366 1907 Quum
379 1862 459 1913 saepe
472 1846 567 1910 multa,
580 1849 639 1897 tum
652 1845 763 1897 memini
776 1845 850 1898 domi
861 1846 890 1897 iu
901 1845 985 1898 hemi-

137 1921 217 1988 cyclio
236 1920 385 1988 sedentem,
402 1926 433 1974 ut
449 1921 561 1989 solebat,
574 1938 658 1989 quum
673 1926 703 1974 et
717 1938 769 1989 ego
785 1934 873 1975 essem
887 1938 942 1974 una
955 1926 985 1975 et

136 1999 212 2065 laurei
231 1997 378 2050 admodum
395 1998 552 2063 familiares,
565 1998 593 2050 iu
611 2014 673 2051 eum
690 2014 842 2051 sermonem
858 1997 934 2051 illum
947 1998 985 2049 in-

136 2074 226 2127 cidere
243 2074 289 2142 qui
308 2077 368 2127 tum
385 2075 442 2127 fere
458 2074 607 2143 [omuibus]
624 2078 684 2127 erat
699 2076 728 2126 in
744 2092 798 2129 ore.
834 2074 985 2128 Meministi

136 2152 208 2203 enim
219 2151 348 2219 profecto,
364 2151 464 2215 Attice,
477 2155 507 2204 et
518 2168 550 2203 eo
564 2151 651 2218 magis
662 2150 736 2218 quod
751 2151 782 2204 P.
796 2151 913 2219 Sulpicio
927 2155 986 2203 utc-

136 2226 201 2279 bare
220 2227 342 2291 multum‚
360 2244 444 2295 quum
464 2226 487 2279 is
507 2227 636 2281 tribunus
655 2225 744 2295 plebis
762 2226 872 2294 capitali
891 2225 986 2278 edioa

131 2304 167 2367 Q.
190 2303 318 2372 Pompeio
340 2304 386 2371 qui
408 2307 468 2356 tum
493 2308 553 2358 erat
577 2304 670 2357 consul
694 2302 849 2370 dissideret,
870 2318 985 2369 quoeruu

135 2380 354 2449 conjunctissimo
380 2384 409 2435 et
436 2381 622 2434 aurantissime
645 2381 759 2443 vixerat,
785 2383 889 2447 quanta
913 2382 986 2431 essct

135 2456 274 2509 hominum
295 2456 338 2509 vel
363 2457 507 2510 admiratio
528 2457 572 2510 rel
594 2456 712 2525 quercia.
757 2461 780 2509 3.
807 2455 905 2522 Itaque
926 2460 985 2508 tum

136 2533 272 2600 Scaevola,
285 2549 369 2601 quum
383 2534 411 2585 iu
425 2550 484 2586 eam
497 2534 585 2602 ipsam
600 2532 767 2586 montionem
782 2528 930 2594 incidisset,
942 2547 986 2583 ex-

136 2609 227 2677 posuit
245 2609 323 2663 uobis
343 2626 494 2663 sermonem
516 2610 602 2663 Laelii
622 2608 657 2661 de
676 2610 796 2662 amicitia
812 2608 935 2661 habitum
952 2609 987 2661 ab

136 2686 182 2739 illo
198 2702 290 2739 secum
303 2690 331 2740 et
344 2704 405 2740 euru
422 2688 508 2740 altere
523 2703 625 2755 genero
639 2687 667 2739 Ο.
682 2686 786 2739 Fannio
801 2686 839 2738 M.
852 2686 882 2738 F.
895 2687 987 2753 paucis

136 2762 233 2816 diebus
252 2767 446 2832 postmortem
466 2764 597 2817 Africani.
635 2763 703 2831 Ejus
719 2763 913 2832 disputationis
930 2780 988 2816 sen-

136 2840 237 2893 tentias
251 2843 398 2895 memoriae
414 2842 550 2905 mandavi,
565 2858 633 2909 quas
647 2841 699 2894 hoe
711 2841 780 2893 libro
793 2840 906 2909 exposui
919 2840 989 2896 arbi-

137 2920 212 2972 tratu
229 2935 305 2983 meo;
329 2919 406 2987 qnasi
423 2919 493 2972 euim
512 2920 586 2987 ipsos
602 2918 697 2971 induxi
714 2918 864 2984 loquentes,
881 2933 916 2970 ue
936 2916 989 2968 ‘in-

137 2995 228 3061 quam'
241 3001 271 3047 et
283 2996 395 3064 ‘inquit'
411 2996 519 3063 saepius
536 2996 765 3063 interponeretur,
777 2998 861 3061 atque
876 2998 908 3047 ut
920 2998 989 3046 tam-

137 3086 219 3137 quam
243 3072 470 3140 a‘pracseutibus
494 3088 585 3125 coram
609 3070 704 3123 haberi
729 3086 817 3123 sermo
841 3070 987 3122 rideretur.

140 3146 229 3209 Quum
247 3147 318 3199 euim
334 3164 414 3215 saepe
429 3164 534 3201 meeum
550 3163 647 3213 ageres
661 3151 693 3198 ut
705 3147 740 3198 de
754 3145 875 3205 amicitia
890 3143 988 3195 scribe«

141 3237 197 3274 rem
214 3221 324 3290 aliquid,
344 3224 426 3291 digne
444 3224 509 3275 msfii
532 3239 577 3275 res
596 3238 679 3289 quum
698 3222 816 3273 (renium
837 3219 989 3285 cognitione
