2200 3450
348 189 513 238 LAELIUS.
548 188 624 236 CAP.
643 188 694 234 Xl.
712 187 778 236 xm.
959 196 986 236 41

137 273 287 330 amicitiam
305 287 417 325 manere
433 269 457 322 si
476 267 612 322 avirtute
629 267 771 323 defeceris.
807 269 991 333 eademst
1087 323 1090 328 ,

138 355 245 406 rectum
253 348 430 404 statuerimus
446 345 490 400 vel
508 344 657 399 concedere
676 345 770 418 amicis
790 345 926 415 quidquid
945 362 991 400 ve·

137 427 191 481 lint
214 426 256 480 vel
280 425 428 494 impetrare
450 421 487 475 ab
515 421 548 474 iis
569 421 704 490 quidquid
727 421 850 489 velimus,
869 423 991 491 perfecta
1028 421 1032 430 '

139 503 252 571 quidem
264 499 505 570 sapientissimus,
527 498 550 551 si
569 496 636 549 nihil
657 497 758 551 habeat
780 514 826 551 res
845 498 921 552 vitii:
942 498 991 554 sed

139 579 276 648 loquimur
288 578 323 631 de
334 577 369 630 iis
381 575 475 628 amicis
487 573 534 643 qui
550 576 616 627 autc
635 573 726 627 oculos
746 578 817 641 sunt,
837 590 906 643 quos
924 575 991 628 vidi-

139 673 200 708 mus
221 657 269 708 aut
287 654 323 707 de
342 651 441 721 quibus
465 651 623 703 memoriam
647 650 811 719 accepimus,
830 667 898 718 quos
917 651 992 704 novit

140 733 197 785 vita
208 730 364 784 communis.
400 729 442 782 Ex
455 727 505 780 hoc
514 743 628 780 numero
635 726 715 779 uobis
726 726 853 795 exempla
861 727 993 780 sumenda

139 812 211 873 suut,
237 812 266 861 et
289 823 384 861 eorum
412 804 524 875 quidem
553 805 673 856 aramme
699 803 746 872 qui
770 803 807 856 ad
830 803 990 872 sapientiam

139 884 264 952 proxime
280 883 420 938 accedunt
457 887 498 936 39.
527 881 658 934 Videmus
678 880 783 949 Papum
803 879 943 932 AEmilium
964 880 993 932 C.

142 960 258 1012 Luscino
268 958 431 1014 familiarem
442 957 534 1023 fuisse,
548 957 595 1023 (sic
607 974 624 1010 a
635 957 761 1025 patribus
769 957 937 1024 accepimus)
950 956 993 1010 bis

139 1053 193 1088 uria
205 1035 335 1102 consules,
347 1034 464 1102 collegas
475 1034 503 1086 in
516 1049 645 1088 censrua:
656 1037 714 1087 tum
727 1037 757 1086 et
768 1050 830 1086 cum
837 1033 871 1086 iis
880 1035 909 1086 et
920 1033 993 1086 inter

140 1129 170 1164 se
189 1111 424 1181 conjunctissimos
442 1111 526 1166 fuisse
546 1110 592 1163 Μ’,
610 1111 724 1165 Curium
744 1115 773 1164 et
797 1109 837 1164 m.
857 1109 992 1164 Corunca-

140 1189 216 1241 nium
246 1187 393 1242 memoriae
418 1187 558 1256 proditum
582 1190 632 1241 est.
679 1187 770 1254 Igitur
797 1203 833 1240 ne
862 1186 993 1255 suspicari

139 1264 252 1333 quidem
264 1279 407 1333 possumus
419 1280 584 1333 quemquam
596 1264 692 1318 horum
705 1263 740 1316 ab
752 1261 839 1316 amico
851 1262 992 1331 quidpiam

139 1340 314 1394 contendisse
338 1339 412 1408 quod
434 1344 530 1393 eontra
557 1340 649 1407 fidem,
671 1343 767 1392 contra
789 1338 994 1408 jusjurandum,

141 1419 237 1470 contra
248 1433 307 1470 rem
319 1416 457 1485 publicam
469 1419 551 1470 esset.
585 1415 657 1468 Nam
668 1415 718 1468 hoc
731 1415 842 1484 quidem
854 1414 882 1467 in
891 1413 994 1468 talibus

141 1492 207 1546 viris
219 1493 287 1560 quid
298 1492 400 1546 attinet
417 1492 516 1559 dicere,
533 1492 558 1545 si
568 1491 763 1557 contendisset,
780 1491 993 1558 impetraturum

142 1585 195 1620 non
220 1569 309 1636 fuisse,
335 1585 419 1637 quum
443 1568 483 1621 illi
505 1567 668 1621 sanctissimi
692 1567 745 1620 viri
768 1566 878 1634 fuerint,
906 1583 994 1633 aeque

140 1647 233 1698 autem
243 1646 320 1698 nefas
332 1645 369 1698 sit
381 1645 436 1706 tale
446 1644 550 1712 aliquid
562 1648 591 1697 et
603 1644 692 1697 facere
704 1647 831 1711 rogatum
838 1647 867 1697 et
877 1646 993 1710 rogarel

144 1720 184 1774 At
195 1738 259 1775 vcro
271 1721 310 1776 Ti.
322 1720 474 1775 Gracchum
487 1720 673 1789 sequebantur
685 1720 714 1775 O.
727 1718 825 1788 Carbo,
838 1719 866 1774 G.
879 1719 956 1787 Cato,
964 1725 994 1773 et

142 1797 253 1851 minime
265 1801 330 1852 tunc
343 1797 454 1866 quidem
463 1797 545 1857 Gaius
557 1798 650 1863 frater,
664 1813 735 1851 nuuc
746 1798 821 1851 idem
836 1798 992 1851 acerrimus.

195 1872 264 1926 XII.
285 1879 328 1929 40.
351 1874 429 1927 Haec
450 1873 536 1941 igitur
556 1873 602 1927 lox
620 1874 649 1926 in
667 1874 787 1928 amicitia
806 1873 946 1928 sauciatur
962 1878 994 1927 ut

141 1964 232 2016 neque
242 1966 369 2017 rogemus
381 1966 426 2003 res
438 1952 532 2018 turpes
550 1966 601 2003 nec
616 1949 747 2003 iaciamus
763 1950 862 2019 rogati.
896 1950 994 2019 Tirrpis

142 2024 216 2077 enim
240 2024 379 2079 excusatio
403 2029 446 2079 est
470 2029 499 2078 et
523 2025 635 2079 minime
662 2026 821 2094 accipienda
852 2043 936 2095 quum
965 2026 993 2079 in

141 2100 242 2154 ceteris
262 2101 390 2169 peccatis,
402 2105 461 2154 tum
479 2101 504 2154 'si
524 2101 588 2169 quis
607 2106 703 2155 contra
723 2119 781 2156 rem
804 2102 941 2172 publicam
963 2119 993 2155 se

141 2176 222 2230 amici
234 2178 424 2231 causa‘iecisse
436 2177 569 2232 fateatur.
606 2177 717 2231 litenim
734 2195 767 2231 eo
781 2177 847 2242 loco,
861 2178 947 2230 Fanni
964 2181 994 2231 et

143 2252 279 2321 Scaevola,
288 2253 370 2307 locati
382 2269 474 2306 sumus
483 2257 516 2307 ut
531 2270 581 2306 nos
597 2252 677 2321 longe
693 2254 850 2322 prospicere
868 2256 995 2321 oporteat

143 2328 252 2383 futuros
280 2346 358 2383 casus
380 2329 422 2383 rei
440 2328 575 2397 publicae.
611 2330 733 2383 Deflexit
755 2329 816 2398 jam
839 2328 994 2397 aliquantu-

143 2404 200 2458 lum
213 2404 248 2458 de
271 2406 360 2473 spatio
379 2405 570 2473 curriculoque
588 2405 758 2459 consuetudo
777 2404 919 2474 majorum
955 2405 995 2459 m.

143 2480 285 2535 Gracchus
302 2496 417 2548 regnum
432 2498 564 2550 occupare
583 2486 697 2535 conatus
710 2485 761 2547 est,
773 2481 818 2535 vel
831 2480 957 2551 regnavit
970 2482 995 2535 is

142 2556 256 2625 quidem
268 2572 368 2625 paucos
380 2573 493 2611 meuses.
528 2564 571 2610 41.
597 2558 672 2611 Num
690 2558 760 2628 quid
772 2557 861 2612 simile
878 2558 995 2627 populus

144 2632 283 2687 Romanus
292 2633 419 2687 audierat
429 2636 478 2687 aut
490 2634 619 2688 videratl
656 2634 738 2689 Hunc
749 2634 833 2688 etiam
844 2638 908 2704 post
924 2648 995 2689 mor-

142 2712 201 2763 tem
227 2709 312 2762 secuti
337 2708 416 2763 amici
440 2713 470 2764 et
493 2710 640 2779 propinqui
668 2710 736 2780 quid
758 2712 788 2765 iu
812 2711 842 2765 P.
870 2710 995 2779 Scipione

141 2785 282 2839 effecerint
293 2786 359 2839 sine.
371 2786 488 2841 lacrimis
503 2803 558 2839 nou
575 2803 647 2855 queo
665 2787 765 2842 dicere.
800 2786 873 2840 Nam
895 2786 995 2841 Carbo

142 2876 206 2915 uem
217 2878 326 2929 quoquo
342 2862 424 2915 modo
435 2863 575 2930 potuimus
590 2866 706 2933 propter
724 2867 861 2917 recentem
878 2879 994 2932 poenam

143 2936 184 2991 m.
197 2937 312 2991 Gracchi
331 2940 516 2993 sustinuimus.
553 2939 596 2993 De
616 2939 646 2993 Ο.
658 2942 751 2994 autem
773 2939 888 2993 Gracchi
908 2939 995 2993 tribu·

142 3015 211 3065 natu
222 3012 290 3080 quid
302 3018 458 3082 exspectem
470 3031 523 3067 non
533 3014 603 3069 libet
610 3016 746 3083 augurari.
782 3015 874 3084 Serpit
893 3015 994 3069 deinde

142 3104 195 3154 res,
214 3104 285 3155 quac
303 3088 449 3157 proclivius
468 3090 504 3141 ad
527 3091 676 3157 perniciem
696 3108 780 3158 quum
799 3090 883 3143 semel
903 3090 994 3157 coepit
1094 3123 1095 3126 =

143 3161 253 3216 labitur,
288 3163 400 3217 Videtis
418 3165 447 3217 in
466 3164 569 3216 tabella
582 3164 643 3233 jam
662 3169 726 3217 ante
745 3167 849 3232 quauta
866 3164 939 3216 facta
957 3165 995 3217 sit

139 3238 226 3304 labes,
238 3238 326 3308 primo
339 3239 456 3294 Gabinia
474 3238 544 3307 lege,
560 3238 669 3293 biennio
692 3242 785 3293 autem
807 3241 871 3306 post
891 3238 993 3292 Cassia
1094 3257 1096 3301 5
