2200 3450
323 171 325 174 ·
357 155 522 204 LAELIUS.
558 156 637 206 oAP.
655 157 718 207 XX.
737 159 818 208 XXI.
980 162 1009 206 lli

157 252 291 305 oramque
304 235 444 288 distantia.
481 239 520 292 75.
540 235 627 290 Recte
642 238 726 291 etiam
740 237 860 307 praecipi
874 241 969 306 potest
983 238 1010 290 in

157 312 285 366 amicitiis
306 328 340 364 ne
361 311 544 378 intemperata
565 313 701 380 quaedam
720 314 915 380 benevolentia,
935 313 1011 382 quod

142 417 144 420 ·
157 394 288 458 persaepe
300 389 339 455 fit,
351 387 484 455 impediat
493 404 605 455 magnas
613 389 749 444 utilitates
759 391 915 444 amicornm.
952 390 977 443 N
980 407 1011 443 ec

157 464 238 531 enim,
250 464 329 516 atad
341 463 446 515 fabulas
456 463 576 530 redeam,
585 463 695 531 'frojam
705 465 903 536 Neoptolemus
912 481 1010 533 capere

157 541 299 609 potuisset,
323 539 347 593 si
371 538 552 606 Lycomedem
575 540 650 608 apud
676 557 757 609 quem
784 545 844 594 crat
870 542 1009 607 educatus,

156 615 251 668 rrrultis
275 631 336 669 cum
359 614 478 668 lacrimis
502 615 556 669 iter
579 632 659 669 suum
684 617 1010 686 impedientem,.audiro

157 693 302 758 voluisset3
315 696 344 746 et
356 709 437 760 saepe
450 691 574 745 incidunt
587 709 703 759 magnae
715 709 760 746 res
771 695 803 746 ιιι
812 693 1009 746 discedendum

157 769 194 822 sit
206 769 241 823 ab
253 769 347 822 amicis
358 788 363 822 :
375 784 444 837 quas
457 768 504 837 qui
516 768 652 836 impedire
668 768 734 837 vult,
751 769 827 837 quod
843 769 1009 837 desiderium

156 861 210 898 non
226 843 305 898 facile
321 844 400 910 ferat,
417 843 441 896 is
457 847 485 896 et
502 843 626 897 infirmus
643 849 685 898 est
700 845 846 913 mollisque
863 848 962 898 natura
980 849 1009 897 et

157 919 193 974 ob
210 937 271 974 eam
291 920 379 989 ipsam
399 936 507 972 cansam
529 919 557 973 in
578 921 699 974 anricitia
718 937 815 990 parum
831 921 932 989 justus.
969 925 1009 977 76.

157 999 253 1066 Atque
268 997 296 1049 in
313 995 386 1048 omni
402 1012 432 1048 re
450 995 675 1048 considerandum
693 991 737 1050 est
752 1000 783 1051 et
800 997 869 1066 qnid
886 997 1009 1066 postules

156 1071 192 1124 ab
204 1072 290 1126 amico
303 1075 332 1125 et
344 1070 529 1139 quidpatiare
542 1089 560 1123 a
572 1077 600 1124 te
612 1072 761 1143 impetrari.
778 1106 782 1112 -
866 1105 869 1109 <

210 1148 287 1201 XXI.
306 1147 356 1201 na
366 1147 451 1200 'etiam
465 1147 542 1214 quasi
552 1147 686 1216 quaedmn
695 1147 835 1202 calamitas
844 1147 871 1200 in
882 1148 1008 1201 amicitiis

156 1223 329 1277 dimittendis
346 1239 539 1291 nonuunquam
557 1223 709 1276 necessaria
719 1243 726 1288 ;
738 1222 799 1291 jam
815 1223 887 1276 enim
904 1239 921 1275 a
936 1225 1007 1292 sapi-

156 1299 259 1352 entium
285 1293 517 1352 familiaritatibus
543 1298 580 1352 ad
605 1299 731 1366 vulgares
756 1299 889 1352 amicitias
919 1300 1007 1353 oratio

155 1379 249 1428 nostra
261 1374 405 1428 delabitur.
441 1375 596 1442 Erumpunt
610 1390 691 1441 saepe
705 1374 772 1427 vitia
785 1374 932 1427 amicorum
947 1378 1006 1427 tnnr
1064 1421 1073 1440 ,

155 1450 184 1502 in
196 1451 269 1516 ipsos
281 1451 381 1503 amicos
394 1453 453 1503 tum
465 1449 493 1501 in
505 1449 614 1516 alienos,
628 1465 743 1517 quorum
755 1454 847 1522 tamen
858 1448 896 1502 ad
906 1451 1007 1505 amieos

154 1526 293 1579 redundet
304 1525 425 1580 infamia.
443 1525 521 1578 Tales
534 1524 619 1592 igitur
630 1524 767 1577 amicitiae
776 1527 840 1577 suut
848 1525 1008 1579 remissione

155 1618 221 1655 risus
233 1601 372 1668 eluendae,
386 1604 423 1667 et,
435 1603 467 1654 ut
480 1601 613 1654 Catonem
625 1600 716 1653 dicere
728 1599 827 1666 audivi,
841 1598 1004 1654 dissuendae

154 1679 242 1747 magis
268 1679 349 1747 quam
379 1677 588 1741 discindendae;
616 1676 666 1729 nisi
697 1675 831 1743 quaradam
859 1675 1005 1730 admodrnn

154 1755 334 1809 intolerabilis
345 1754 453 1822 'injuria
473 1752 615 1823 exarserit,
632 1757 664 1806 ut
682 1769 771 1820 neque
790 1756 895 1822 rectum
919 1762 1012 1821 neque·

154 1830 302 1895 honestum
309 1831 346 1884 sit
354 1846 404 1883 uec
417 1828 476 1883 fieri
488 1828 575 1897 possit
586 1832 618 1881 ut
631 1846 685 1880 non
702 1828 795 1881 statim
812 1828 938 1897 alienatio
954 1828 1007 1881 dis

151 1905 312 1975 junctioque
325 1905 450 1959 iacienda
465 1904 508 1959 sit.
552 1907 591 1961 77.
611 1905 658 1958 Sin
673 1909 765 1957 antem
779 1908 828 1957 aut
841 1920 947 1958 monim
958 1908 1006 1958 aut

155 1981 308 2035 studiorum
321 1981 497 2035 commutatio
509 1981 651 2048 quaedam,
663 1985 695 2032 ut
707 1980 855 2046 fieri-solet,
865 1980 1011 2054 factaerit,

154 2062 204 2111 aut
215 2058 241 2111 in
251 2058 292 2111 rei
300 2057 426 2127 publicae
434 2056 560 2127 partibus
569 2056 700 2109 dissensio
705 2056 901 2123 intercesserit,
910 2055 1007 2124 loquor

154 2134 227 2187 enim
235 2134 302 2202 jam,
314 2136 346 2185 ut
357 2131 448 2200 paullo
459 2134 524 2185 ante
535 2131 600 2198 dixi,
613 2148 667 2184 uon
679 2132 714 2184 de
726 2129 889 2199 sapientium
905 2131 954 2185 sed
970 2132 1006 2185 dc

154 2208 343 2262 communibus
355 2207 488 2273 amicitiis,
500 2207 651 2261 cavendum
663 2208 716 2260 erit
728 2225 762 2260 ne
774 2223 827 2259 non
839 2208 925 2260 solum
942 2209 1006 2260 anri-

154 2285 236 2338 citiae
250 2284 392 2351 depositae
407 2283 457 2335 sed
467 2281 552 2336 etiam
569 2284 725 2339 inimicitiae
740 2285 882 2349 susceptae
895 2283 1005 2335 videan-

154 2365 208 2414 tur.
227 2361 253 2413 N
256 2360 304 2413 ihil
316 2360 389 2413 euim
400 2352 507 2426 turpius
519 2374 600 2426 quam
611 2375 674 2411 cum
683 2376 715 2411 eo
725 2357 826 2411 bellum
839 2374 934 2425 gerere
946 2360 1005 2427 qui-

155 2452 217 2489 cum
229 2434 401 2488 familiariter
412 2432 521 2486 vixeris.
556 2433 603 2487 Ab
615 2435 734 2487 amicitia
752 2434 785 2497 Q.
805 2433 927 2501 Pompeii
945 2451 1005 2489 mco

154 2512 264 2565 nomine
275 2526 305 2563 sc
320 2510 482 2575 removerat,
497 2510 530 2561 ut
546 2508 630 2576 scitis,
648 2507 755 2577 Scipio3
772 2513 886 2578 propter
903 2510 1005 2564 dissen-

154 2589 259 2641 sionem
275 2588 376 2652 autem,
390 2600 460 2653 quae
476 2587 537 2637 erat
552 2584 580 2636 in
595 2600 627 2638 re
643 2586 759 2653 publica,
778 2585 911 2639 alienatus
929 2591 972 2642 est
989 2604 1006 2640 a

155 2662 260 2730 collega
270 2665 365 2714 nostro
376 2659 498 2713 Metelle.
525 2660 681 2728 Utrumque
694 2660 751 2728 egit
761 2662 889 2729 graviter,
901 2666 1005 2716 auctor-

155 2739 225 2793 itate
239 2741 269 2793 et
285 2736 433 2791 offensione
449 2735 531 2789 animi
547 2752 601 2789 uon
617 2736 725 2790 acerba.
762 2740 804 2794 78.
823 2737 1005 2802 Quamobrem

154 2816 272 2883 primum
285 2812 377 2867 danda
388 2828 471 2881 opera
483 2815 527 2865 est
538 2828 628 2879 nequa
639 2814 787 2867 amicorum
800 2813 914 2868 discidia
922 2814 1006 2886 fiant3

155 2890 198 2943 siu
213 2891 269 2944 tale
287 2889 392 2958 aliquid
410 2888 539 2955 evenerit,
557 2890 589 2941 ιιι
607 2888 743 2943 extinctae
760 2889 852 2957 potius
869 2889 1006 2943 amicitiae

156 2982 238 3033 quam
261 2981 407 3035 oppressae
431 2980 491 3017 esse
514 2962 677 3017 videantur:
704 2964 862 3025 Cavendum
885 2980 950 3018 vero
971 2981 1020 3017 ne·

155 3041 239 3093 etiam
254 3042 282 3093 in
297 3056 395 3109 graves
412 3038 567 3093 inimicitias
585 3042 744 3093 convertant
762 3049 792 3094 s'e
809 3040 952 3105 amicitiae,
971 3056 1005 3092 ex

156 3116 256 3185 quibus
268 3116 368 3184 jurgia,
384 3113 537 3178 maledicta,
555 3114 734 3167 contumeliae
750 3115 916 3182 gignuntur:
934 3123 1006 3180 quac

155 3195 249 3245 tamen
265 3192 287 3244 si
305 3190 462 3244 tolerabiles
478 3191 567 3254 crunt,
580 3188 709 3242 ferendae
725 3193 797 3254 snut,
815 3192 844 3241 et
861 3187 905 3240 hic
921 3186 1006 3239 bonos
