2200 3450
346 148 600 199 EPISTOLARUM
610 148 721 226 'LIBRI
738 148 820 200 DUO.
982 151 1014 203 97

159 226 239 283 Tiro:
257 227 458 297 praestaboque
469 233 499 283 ct
511 231 610 282 enitar
613 233 645 282 ut
657 229 686 281 in
699 229 758 291 dies
770 230 857 297 magis
869 232 1012 300 magisque

158 297 225 356 haec
248 321 361 358 nascens
385 305 420 358 de
440 321 485 358 me
506 305 663 373 duplicetur
686 306 784 373 opinio
820 306 911 370 Quare
937 308 1010 375 qrod

158 379 294 447 polliceris
319 384 348 433 ιο
370 380 575 434 buccinatorem
601 381 678 438 iore
687 381 897 436 existimationis
924 398 1010 448 nicae,

158 455 237 508 firmo
249 456 278 508 id
290 437 480 524 constantique
496 456 586 509 animo
600 457 683 510 facias
698 456 769 510 lieet.
805 456 922 512 'lantum
939 459 1009 511 enim

115 529 224 584 ¹'milri
248 531 370 585 dolorem
391 533 598 620 cruciatumque
619 533 774 586 attulerunt
792 537 885 586 errata
908 534 1010 588 aetatis

157 621 240 672 meae,
253 611 349 661 utnon
362 609 450 674 solun
465 609 571 662 animus
586 625 603 660 a
618 608 698 661 factis
711 606 762 661 sed
777 624 858 662 aures
870 625 1010 678 quoquea

156 684 412 737 commemoratione
439 683 613 738 abhorreant.
650 684 736 752 Cujus
763 688 793 737 te
819 685 1009 754 sollicitudinis

156 762 186 811 et
204 758 305 813 doloris
324 761 486 829 participem
505 760 590 814 fuisse
608 764 704 813 'notum
720 761 948 830 exploratumque
965 769 1008 816 est

156 833 240 900 mihi;
266 852 317 889 nec
336 835 367 888 id
387 838 493 890 mirum.
528 837 600 889 Nam
625 853 709 904 quum
733 837 823 889 omnia
844 852 911 899 mea¹
926 853 1008 892 eausa

156 910 239 964 velles
254 911 320 964 mihi
342 928 473 980 successa,
491 916 550 966 tum
568 913 654 966 etiam
674 915 737 978 tua;
760 912 956 966 socium-enim
977 918 1006 968 ιο

154 1002 277 1040 meorum
301 989 503 1041 commodorum
532 1005 641 1056 semper
671 1004 731 1042 esse
755 988 836 1042 volui.
871 988 1005 1054 Quoniam

154 1061 239 1130 igitur
254 1066 314 1116 tum
326 1081 361 1117 ex
376 1081 421 1118 me
435 1064 556 1132 doluisti,
572 1080 643 1117 nunc
658 1068 691 1119 ut
705 1063 860 1130 duplicetur
876 1069 955 1119 tuum
971 1085 1004 1119 cx

154 1154 199 1192 me
220 1139 351 1206 gandium
379 1140 531 1208 praestabo.
568 1140 699 1209 Cratippo
723 1157 767 1193 me
796 1140 866 1194 scito
893 1157 947 1193 non
973 1145 1002 1194 ut

154 1213 317 1287 discipulum
337 1216 386 1270 sed
403 1221 435 1270 ιιι
452 1217 539 1271 lilium
558 1233 617 1270 esse
636 1215 894 1283 conjunctissimum.
931 1218 1003 1271 Nam

153 1289 260 1360 [quum]
277 1292 359 1345 audio
377 1293 453 1346 illum
470 1293 597 1358 libenter,
609 1295 669 1345 tum
686 1291 770 1344 etiam
788 1293 925 1359 propriam
944 1292 1005 1360 ejus

153 1367 315 1421 suavitatem
324 1369 501 1422 vehementer
511 1368 669 1437 amplector.
707 1367 772 1421 Sum
785 1369 858 1420 totos
870 1367 929 1420 dics
941 1384 1004 1422 cum

152 1458 204 1508 οο,
215 1445 356 1511 noctisque
384 1460 581 1533 saepenumero
602 1447 720 1511 partem.
752 1442 843 1495 Exoro
860 1443 943 1500 enim
971 1449 1003 1506 ιιι

152 1534 257 1572 meeum
277 1537 358 1587 quam
375 1520 532 1608 saepissime
548 1523 650 1573 oaenct.
632 1519 749 1572 tHac
768 1517 925 1572 introducta
941 1536 1002 1574 con-

151 1595 304 1654 suetudine
322 1612 403 1664 saepe
420 1595 599 1650 inscientibus
616 1594 694 1648 nobis
712 1597 741 1647 et
760 1593 934 1647 caenantibus
955 1595 1002 1649 ob·

151 1670 231 1739 repit,
250 1671 412 1739 sublataque
432 1673 581 1725 severitate
600 1670 786 1741 philosophiae
807 1669 1002 1727 humanissime

150 1746 290 1801 nobiseum
306 1746 422 1814 jocatur.
459 1748 549 1812 Quare
570 1749 607 1801 da
626 1763 736 1815 operam
756 1751 789 1800 ut
812 1747 894 1799 hune·
909 1748 1000 1819 talem,

150 1825 207 1875 tam
225 1822 386 1891 jucundum,
409 1829 466 1877 tam
491 1824 669 1877 excellentem
690 1823 779 1877 virum
800 1823 893 1877 videas
918 1841 1000 1894 quani

150 1897 274 1964 primum
310 1899 383 1952 Nam
407 1900 474 1967 qnid
502 1917 553 1968 ego
581 1900 617 1953 de
646 1899 756 1953 Bruttio
781 1894 889 1957 dieaml
917 1917 1000 1968 quem

149 1973 223 2027 nullo
239 1978 363 2043 tempore
375 1992 392 2028 a
403 1992 447 2029 me
463 1976 555 2044 patior
567 1975 717 2041 discedere,
736 1974 814 2044 cujus
831 1992 916 2044 quum
928 1976 999 2044 frugi
1035 2014 1040 2021 .

149 2066 298 2120 severaqm
317 2055 360 2106 est
378 2052 442 2120 vita,
462 2050 838 2119 tnm'etiam'juenndissima
859 2052 998 2106 convictio.

133 2126 210 2179 *Non
224 2130 267 2181 est
279 2128 351 2181 enim
365 2128 505 2197 sejunctus
517 2129 598 2197 jocus
613 2145 630 2181 a
647 2135 778 2193 φιλολογίᾳ
796 2132 825 2181 οι
840 2128 1000 2196 quotidiana

148 2204 296 2267 συζηνήσει
319 2204 393 2258 Huic
410 2221 460 2271 ego
478 2204 567 2257 locum
585 2204 613 2256 in
631 2203 755 2272 proximo
774 2202 900 2267 conduxi,
919 2206 949 2256 et
966 2208 998 2257 nt

58 2333 65 2346 ,
147 2295 257 2346 possum
281 2295 315 2332 ex
334 2280 403 2332 meis
426 2280 561 2346 angustiis
584 2278 657 2331 illius
681 2280 806 2330 sustento
826 2278 997 2332 tenuitatem.

148 2353 296 2408 Praeterea
319 2354 495 2408 declamitare
515 2355 620 2407 Graece
639 2354 713 2421 apud
733 2352 857 2406 Cassium
876 2352 1000 2407 instituii

148 2428 244 2483 Latine
274 2433 366 2483 antem
396 2430 469 2497 apud
500 2429 641 2482 Bruttium
671 2428 794 2495 exerceri
823 2428 891 2482 nolo.
926 2428 999 2482 Utor

145 2506 325 2559 familiaribus
349 2509 378 2559 et
398 2506 566 2573 quotidianis
587 2504 794 2577 convictoribus,
817 2520 885 2573 qnos
906 2520 997 2558 secum
1088 2530 1089 2553 l

146 2582 286 2650 Mitylenis
299 2582 446 2650 Cratippus
458 2580 583 2647 adduxit,
596 2579 749 2633 hominibus
764 2582 793 2634 et
809 2580 898 2633 doctis
910 2584 939 2634 et
958 2582 996 2635 illi

144 2657 352 2727 probatissimis.
387 2658 507 2710 Multum
535 2658 608 2711 enim
637 2673 744 2710 meeum
774 2659 817 2710 est
847 2656 997 2725 Epicrates
1086 2670 1087 2679 ³

144 2734 331 2803 princepst
291 2736 331 2787 At
332 2734 508 2800 heniensium,
526 2738 556 2787 οι
578 2733 721 2801 Leonides,
743 2732 890 2787 ethorum
911 2735 996 2787 ceteri

145 2810 254 2863 similes.
291 2818 326 2863 Τὰ
337 2814 419 2873 μὲν
392 2834 432 2863 ovr
444 2816 520 2863 καθΗ
509 2817 571 2874 ημᾶς
582 2817 647 2863 τάδε

197 2885 240 2938 De
259 2886 362 2954 Gorgia
381 2889 473 2939 autem
495 2886 570 2954 quod
589 2885 656 2939 mihi
678 2884 814 2953 soribis,
801 2888 862 2938 erat
884 2885 996 2952 quidem

144 2950 213 3013 ille'
205 2977 233 3012 111
250 2961 409 3029 quotidiana
427 2961 626 3015 declamatione
641 2960 731 3014 utilis:
750 2960 799 3013 scd
816 2960 906 3013 omnia
921 2972 996 3028 post-

144 3036 224 3103 posui
246 3036 395 3090 dummodo
415 3037 570 3105 praeceptis
590 3036 678 3105 patris
696 3052 829 3104 parerem.
864 3042 995 3101 Διαρῤήδην

145 3110 217 3164 enim
244 3112 391 3180 scripserat
418 3116 451 3165 ut
478 3128 553 3169 eum*
566 3111 736 3165 dimitterem
765 3110 866 3163 statim.
902 3110 994 3175 'Pergi-
1073 3109 1076 3120 '

145 3187 248 3239 versari
265 3187 346 3255 nolui,
363 3203 398 3241 ne
414 3203 476 3241 mea
491 3187 576 3241 nimia
592 3194 684 3250 σπουδή
706 3185 885 3252 suspicionem
904 3184 931 3239 ei
947 3184 992 3238 ali·¹
