2200 3450
304 167 394 215 CATO
412 166 544 214 MAJOR.
579 166 655 213 OAP.
673 165 736 212 XX.
755 165 834 212 XXI.
962 167 992 211 ‘25

146 249 195 302 bus
207 250 263 303 suis
275 248 419 303 obstruere
431 247 585 312 voluerunt,
604 263 657 298 non
675 263 754 298 avum
772 250 850 299 tuum
869 245 900 298 L.
914 246 991 298 Panl-

145 327 200 379 lum
214 325 261 394 qui
272 327 361 378 morte
371 323 423 376 luit
435 323 554 398 collegae
565 323 594 374 in
606 322 741 375 Cannensi
752 322 900 388 ignominia
911 325 994 375 tenre-

144 404 264 467 ritatem,
276 417 329 452 non
343 399 381 452 M.
394 397 556 452 Marcellum
572 397 649 465 eujus
663 397 806 450 interitum
818 414 853 451 ne
865 397 993 450 crudelis-

145 476 228 529 simus
247 475 359 544 quidem
379 474 465 528 hostis
486 473 588 527 honore
607 473 765 540 'sepulturae
784 490 878 526 carere
897 490 993 542 passus

144 556 194 619 est,
208 552 257 605 sed
268 551 390 619 legiones
406 553 520 616 nostras,
536 549 611 617 quod
622 549 716 616 scripsi
734 548 762 601 in
781 548 947 616 Originibus,
966 550 992 601 in

143 644 206 680 enm
219 643 300 696 saepe
311 626 400 680 locum
411 627 547 694 prefectos
560 625 642 678 alacri
659 625 748 677 anime
761 628 791 678 et
803 629 904 692 erecto,
919 627 992 678 undo

143 720 173 757 se
184 720 323 772 nunquam
335 703 472 756 redituras
484 701 691 754 arbitrarentur.
729 701 809 764 Quod
825 702 910 769 igitur
929 701 992 753 ado-

144 781 276 833 lescentes
300 783 329 832 et
351 780 371 831 ii
389 779 502 847 quidem
526 777 691 830 nonsolnm
715 777 817 831 indocti
839 778 992 830 sedetiam

143 856 238 909 rustici
261 859 444 922 contemnunt,
464 855 494 907 id
511 853 585 907 docti
608 870 687 907 senes
708 853 906 908 extimescant?
951 858 990 909 76.

144 931 266 1000 Omnino,
287 935 320 984 ut
338 931 404 984 mihi
424 931 537 999 quidem
559 929 677 993 videtur,
698 929 851 983 studiorum
872 929 991 983 omniurn

143 1007 255 1061 satietas
275 1008 348 1060 sitae
368 1007 434 1060 facit
459 1007 624 1060 satietatem.
667 1007 736 1059 Sunt
759 1007 892 1074 pueritiae
917 1010 993 1059 certa

142 1083 249 1138 studia:
268 1099 334 1136 num
351 1084 435 1151 igitur
454 1100 486 1137 ea
504 1082 663 1136 desiderant
680 1082 886 1136 adolescentesl
923 1083 992 1135 Sunt

143 1159 261 1212 ineuntis
279 1159 493 1212 adolescentiae:
511 1176 577 1211 num
598 1175 632 1210 ea
651 1162 777 1212 constans
794 1157 854 1225 jam
875 1159 992 1226 requirit

142 1239 219 1288 'zaetas
237 1251 307 1307 quae
324 1235 416 1288 media
433 1235 553 1288 dicitur?
589 1234 659 1288 Sunt
676 1234 760 1287 etiarn
777 1234 859 1302 hnjns
877 1234 992 1288 aetatis:

144 1327 178 1362 ne
195 1327 228 1363 ea
245 1309 358 1379 quidem
371 1315 541 1379 quaeruntur
553 1310 581 1362 in
594 1314 744 1364 senectute.
779 1311 849 1363 Sunt
867 1314 992 1363 extrema

142 1386 277 1453 quaedam
295 1385 386 1439 studia
403 1386 568 1438 senectutis:
594 1401 660 1453 ergo
677 1390 709 1438 nt
728 1386 898 1452 superiorum
916 1390 992 1438 acta-

142 1466 202 1514 tum
231 1461 485 1526 studiaoccidunt,
510 1461 548 1512 sic
573 1460 700 1513 occidunt
726 1462 809 1514 ctiam
836 1462 992 1514 senectutis.

144 1538 223 1602 Quod
234 1555 319 1606 quurn
331 1535 430 1603 evenit,
442 1535 556 1589 satietas
567 1535 640 1589 ritae
653 1539 761 1604 tempus
772 1540 909 1590 maturum
921 1555 991 1589 rnor-

144 1616 179 1666 tis
192 1613 279 1667 affert.

196 1689 273 1743 XXI.
301 1693 340 1747 77.
360 1687 495 1757 Equidem
507 1705 561 1743 non
573 1688 653 1743 rideo
664 1706 712 1744 cur
724 1690 792 1759 quid
804 1690 862 1758 ipse
873 1690 991 1744 sentiani

143 1766 178 1818 cle
191 1769 279 1818 morte
292 1782 345 1817 nen
358 1764 473 1817 audeam
486 1766 563 1818 vebis
576 1766 674 1833 dicere,
687 1767 762 1834 qued
771 1784 804 1819 co
816 1768 913 1820 melius
925 1766 991 1819 mihi

142 1857 254 1894 cernere
270 1840 432 1908 videorque
446 1841 481 1894 ab
497 1858 530 1894 ea
545 1842 657 1910 propius
672 1842 775 1896 absum.
811 1843 869 1911 Ego
886 1847 991 1895 vestros

142 1921 244 1985 patros,
258 1917 287 1970 P.
300 1916 396 1984 Scipi0,
409 1919 495 1985 tuque
512 1917 540 1971 Ο.
553 1917 638 1985 Laeli,
649 1919 721 1972 viros
734 1919 896 1972 clarissimos
912 1918 991 1971 mihi-

142 2010 196 2060 que
215 1992 390 2045 amicissimes
409 1992 502 2046 vivere
519 1993 647 2061 arbitror,
665 1999 694 2047 et
706 2012 766 2047 eam
779 1994 890 2063 quidem
906 1995 990 2047 vitam

143 2085 213 2135 quae
225 2072 268 2121 est
280 2068 406 2122 solavita
417 2069 588 2123 nominanda
625 2071 696 2124 Nam
709 2071 775 2123 dum
793 2088 886 2124 sumus
903 2071 931 2123 in
948 2069 991 2123 his

142 2143 238 2197 inclusi
250 2144 426 2213 compagibus
438 2146 567 2214 eorporis,
584 2163 698 2199 munero
716 2148 834 2214 quodam
846 2146 991 2199 necessita

142 2220 179 2273 tis
192 2225 220 2273 et
232 2221 308 2288 gravi
321 2236 403 2289 opere
415 2220 611 2289 perfungimur.
629 2223 679 2276 Est
689 2224 762 2275 enim
774 2223 880 2286 animus
892 2222 991 2275 caeles-

142 2298 179 2349 tis
197 2313 231 2349 ex
249 2296 380 2349 altissimo
396 2295 532 2349 domicilio
549 2297 695 2366 depressus
712 2302 741 2351 et
759 2298 837 2366 qnasi
849 2298 990 2350 demersus

141 2372 169 2423 in
182 2375 292 2438 terram,
304 2370 394 2423 locum
406 2370 514 2425 divinae
525 2376 639 2427 naturae
655 2373 868 2441 aeternitatique
885 2377 990 2426 centra-

142 2448 221 2502 rium.
257 2447 312 2501 Sed
330 2447 412 2500 credo
427 2447 494 2500 deos
508 2449 676 2502 immortales
691 2449 824 2516 sparsisse
841 2448 944 2502 animes
963 2450 989 2501 in

142 2540 257 2591 corpora
269 2522 388 2575 bumana
399 2526 431 2593 ut
444 2529 536 2578 essent
548 2526 596 2592 qui
612 2529 701 2579 terras
719 2530 870 2591 tuerentur,
888 2525 990 2594 quique

142 2599 299 2653 caelestium
328 2598 452 2651 ordinem
479 2601 696 2668 contemplantes
724 2601 898 2655 imitarentur
927 2618 990 2654 eum

144 2676 215 2729 vitae
231 2675 312 2728 modo
330 2677 414 2743 atque
431 2676 590 2729 constantia
627 2677 653 2731 N
655 2694 686 2731 ee
703 2694 747 2731 me
765 2676 853 2730 solum
870 2677 941 2730 ratio
958 2694 990 2731 ac

142 2751 293 2819 disputatio
310 2750 421 2818 impulit
431 2754 464 2804 ut
476 2751 516 2804 ita
527 2752 675 2819 crederem,
694 2752 743 2806 sed
761 2752 889 2806 nobilitas
906 2752 989 2806 etiam

142 2843 309 2881 summorum
329 2827 550 2895 philosopherum
570 2833 600 2882 et
623 2829 778 2883 aucteritas.
823 2833 862 2886 78.
886 2828 989 2882 Audie-

142 2903 205 2957 bam
227 2904 410 2971 Pythagoram
432 2904 682 2973 Pythagoreosque,
703 2905 804 2959 incolas
824 2922 910 2973 paene
929 2922 989 2959 nos·

141 2983 207 3047 tres,
228 2980 387 3048 quiessent
408 2980 498 3033 Italici
519 2980 673 3049 philosophi
691 2981 829 3049 quondam
850 2982 989 3045 nominati,

143 3072 280 3124 nunquam
292 3056 433 3109 dubitasse
445 3057 511 3123 quin
530 3073 565 3109 ex
577 3056 704 3109 universa
715 3060 808 3110 mente
820 3056 913 3109 divina
922 3055 989 3108 deli-

142 3130 221 3186 batos
237 3134 340 3185 animos
351 3132 522 3185 haberenurs,
560 3132 823 3188 Demonstrabantur
833 3131 900 3183 mibi
912 3147 989 3196 prac-

132 3194 218 3263 'torca
231 3224 300 3271 quae
314 3209 438 3263 Socrates
451 3223 578 3273 supremo
596 3208 667 3261 ritae
680 3208 724 3261 die
736 3206 772 3260 de
783 3206 989 3257 immortalitate
