2200 3450
335 142 593 192 EPISTOLARUM
611 144 713 192 LIBRI
732 146 814 195 Duo,
955 151 999 196 105

149 223 260 278 Servius
279 227 373 278 tamma
392 227 456 278 tuus
475 224 601 279 omnibus
623 225 723 293 officiis,
738 243 809 295 quae
826 226 866 280 illi
884 229 1001 298 tempori

148 299 234 352 tribui
245 303 403 368 potuerunt,
416 300 567 354 declaravit
580 305 609 354 ct
621 302 717 370 quanti
729 301 788 369 ipsc
799 318 844 355 mc
856 301 961 356 faceret
975 307 1003 357 ct

149 393 231 444 quam
247 393 327 430 suum
339 376 423 430 talem
435 393 502 444 erga
513 393 558 430 me
571 377 690 429 animum
703 377 754 429 tibi
767 381 877 445 gratum
893 382 1003 446 putaret

148 453 226 518 fore;
249 452 328 520 eujus
344 453 431 518 officia
445 451 610 519 jucundiora
628 453 691 506 lieet
709 471 790 522 saepe
809 453 876 506 milri
896 453 1003 520 fuerint,

148 546 297 598 numquam
313 533 405 583 tamen
423 529 550 596 gratiora.
587 529 635 582 Me
659 533 824 582 autemnon
849 531 936 583 oratio
957 535 1004 585 tua

148 605 234 659 solum
247 610 276 660 ct
288 606 404 660 societas
414 622 501 674 pacuc
511 605 691 673 aegritudiuis
702 605 751 659 scd
762 607 845 659 ctiam
857 607 1004 661 auctoritas

147 682 308 736 consolatur.
346 682 437 750 Turpe
453 683 526 734 cuim
543 698 604 735 essc
617 683 743 734 existimo
756 699 800 736 me
813 699 866 735 uon
879 682 919 735 ita
932 683 1004 736 ferro

126 775 239 811 ·casum
258 775 356 824 meum,
374 762 407 812 ut
424 762 455 812 tu
474 758 523 810 tali
542 757 676 826 sapientia
694 759 837 827 praeditus
860 759 1004 812 ferendum

149 839 236 902 putas.
274 834 330 888 Sed
350 835 489 903 opprimor
508 833 647 887 interdum
670 839 699 889 ct
719 835 763 887 rix
784 835 883 888 resisto
909 835 1004 888 dolori,

148 911 223 978 quod
239 929 272 964 ea
288 928 332 964 me
349 911 446 964 solatia
462 911 594 965 deficiunt
611 929 682 980 quae
694 912 793 966 ceteris
807 929 922 981 quorum
937 913 1001 966 mihi

57 1025 60 1028 -
148 988 273 1059 excrupla
284 1004 406 1056 propono
418 987 499 1040 simili
511 988 539 1039 in
552 988 660 1041 fortuna
672 1005 726 1041 uon
739 988 892 1042 defuerunt.
932 989 1002 1042 Nam

147 1070 177 1116 ct
195 1063 224 1127 Q.
241 1060 385 1128 Maiimus,
399 1064 446 1132 qui
463 1063 549 1117 filium
566 1064 741 1130 consularem,
756 1065 858 1118 clarum
872 1065 960 1118 virum
974 1070 1003 1120 et

148 1140 253 1207 arragois
276 1139 359 1193 rebus
382 1139 470 1207 gestis
494 1140 600 1204 amisit;
629 1143 658 1192 ct
678 1141 707 1193 L.
735 1141 852 1208 Paullus,
877 1141 923 1208 qui
948 1141 1003 1194 duo

147 1220 253 1283 septem
266 1215 363 1269 diebus
371 1237 378 1281 ;
394 1220 424 1269 et
436 1218 529 1269 vester
541 1215 641 1284 Gallus,
655 1215 733 1269 et'll.
748 1216 823 1282 Cato,
835 1216 883 1284 qui
897 1233 1002 1272 summo

148 1291 263 1359 iugenio,
279 1287 385 1345 summa
400 1292 503 1345 virtute
519 1291 605 1344 filium
620 1291 814 1362 perdidit-iis
830 1292 1001 1360 temporibus

147 1366 259 1422 fuerunt
275 1373 307 1422 ut
323 1384 418 1422 eorum
431 1368 535 1420 luctum
547 1368 668 1436 ipsorum
682 1367 801 1436 dignitas
816 1369 1001 1423 consolaretur

147 1460 181 1496 ca
198 1461 280 1512 quam
298 1461 331 1498 ex
349 1443 506 1512 republica
529 1444 772 1512 consequebantur.
812 1444 882 1498 Mihi
900 1449 1000 1512 autem,

147 1521 253 1574 rrrrrissis
267 1521 434 1574 ornamentis
450 1520 484 1572 iis
500 1536 571 1588 quae
586 1521 645 1588 ipse
661 1537 855 1575 commemoras
875 1539 999 1590 quaeque

146 1613 221 1650 cram
240 1597 366 1650 maximis
383 1595 523 1649 laboribus
540 1597 665 1665 adeptus,
684 1613 767 1649 nurum
785 1597 913 1651 manebat
933 1599 1000 1653 illud

146 1672 274 1728 solatium
292 1673 367 1742 quod
391 1675 517 1743 ereptum
535 1676 585 1727 cst.
622 1673 683 1727 Non
703 1673 850 1728 amicorum
875 1676 1000 1745 negotiis,

147 1766 200 1802 uon
210 1751 249 1803 rei
257 1750 580 1819 publicaeprocnratione
589 1749 811 1818 impediebantur
821 1751 998 1819 cogitationes

147 1842 238 1881 meac:
263 1827 330 1880 nihil
350 1827 456 1880 infore
481 1843 563 1895 agere
584 1826 703 1892 libebar3
729 1827 871 1896 adspicere
896 1830 997 1883 curiam

146 1920 199 1955 uon
216 1907 355 1971 poteram3
373 1904 571 1970 existimabam,
586 1902 615 1955 id
631 1903 704 1972 quod
720 1907 786 1971 erat,
802 1920 895 1957 omnes
912 1909 997 1959 meet

147 1978 298 2033 industriae
319 1996 397 2033 meae
421 1978 527 2038 fractus
549 1982 580 2033 ct
599 1980 724 2033 fortunae
744 1974 905 2049 perdidisse.
943 1982 998 2035 Sed

147 2071 231 2122 quum
255 2056 403 2123 cogitarem
422 2051 488 2109 haec
510 2055 577 2109 milri
595 2060 686 2109 tecum
707 2061 735 2111 ct
754 2074 815 2110 cum
834 2057 997 2125 quibusdam

146 2147 206 2185 esse
223 2133 382 2198 communia,
394 2136 423 2186 ct
440 2149 524 2201 quum
541 2132 695 2200 frangerem
707 2133 766 2201 jam
783 2134 842 2201 ipse
857 2150 901 2186 mo
921 2150 997 2201 coge·
1073 2152 1081 2165 ·

146 2223 259 2276 remque
275 2208 322 2261 illa
334 2209 408 2262 ferrc
424 2209 581 2273 toleranter,
593 2208 728 2261 habebam
744 2226 798 2277 quo
816 2209 1002 2277 confugerem,

145 2282 193 2335 ubi
205 2286 432 2353 conquiescerem,
444 2284 523 2352 cujus
534 2284 562 2336 in
575 2300 700 2337 sermone
713 2288 742 2337 ot
755 2284 890 2338 suavitate
903 2301 996 2357 omncs

145 2376 224 2412 caras
251 2360 413 2428 doloresque
437 2360 609 2428 deponerem.
646 2360 725 2413 Nunc
749 2363 841 2415 autem
866 2360 917 2414 hoc
940 2365 996 2415 tam

145 2436 222 2503 graui
240 2435 351 2490 vulnera
369 2436 452 2490 ctiam
469 2438 522 2502 illa,
542 2452 612 2504 quac
631 2438 804 2491 consanuisse
825 2438 996 2495 ridebantur.

145 2512 348 2566 recrudescunt.
384 2512 411 2565 N
412 2529 447 2566 on
459 2514 540 2586 enim,¹
551 2516 582 2565 ut
594 2516 652 2567 tum
665 2531 709 2567 me
722 2513 900 2582 erepublica
912 2532 997 2569 maes-

125 2589 129 2595 ’
146 2593 203 2641 tum
217 2588 314 2642 domus
326 2588 479 2656 excipiebat
490 2605 561 2657 quac
574 2588 685 2657 levaret,
699 2590 737 2643 sic
749 2608 820 2644 nunc
832 2591 913 2644 domo
925 2608 997 2645 mae-

146 2681 208 2717 rens
220 2664 257 2718 ad
268 2682 327 2719 rem
338 2665 475 2734 publicam
483 2665 630 2734 confugere
639 2668 749 2736 p'ossum
762 2671 793 2721 ut
805 2668 833 2721 in
848 2666 908 2735 ejus
919 2668 998 2722 bonis

145 2742 323 2810 acquiescam
360 2743 460 2810 Itaque
477 2746 506 2796 ct
523 2743 603 2797 domo
620 2743 716 2796 absum
734 2747 762 2797 et
777 2744 842 2809 foro,
857 2744 933 2813 quod
948 2760 998 2797 nec

145 2834 207 2870 cum
221 2818 342 2873 dolorem
354 2836 436 2889 quem
449 2836 466 2872 a
477 2836 508 2873 rc
519 2819 629 2889 publica
641 2820 717 2889 capio
729 2819 827 2873 domus
835 2818 895 2887 jam
906 2836 997 2873 conso-

145 2892 197 2945 lari
210 2897 309 2963 potest,
321 2912 372 2948 nec
387 2896 567 2949 domesticum
579 2913 625 2949 res
637 2896 751 2965 publica.
789 2897 849 2962 Quo
864 2896 953 2963 magis
968 2899 998 2948 to

146 2973 282 3037 exspecto,
305 2974 389 3039 teque
412 2972 506 3025 videre
530 2990 613 3040 quam
637 2972 756 3041 primum
779 2973 864 3041 cupio.
907 2971 998 3039 Major
1094 3022 1095 3041 ,

146 3044 212 3097 mihi
224 3043 325 3099 levatio
334 3046 425 3099 afferri
436 3048 511 3100 nulla
521 3052 614 3115 potest
626 3067 708 3118 quam
721 3048 875 3117 conjunctio
885 3064 996 3101 cousuo-
1094 3060 1095 3121 J

146 3120 251 3174 tudinis
263 3138 472 3191 aerumnamque
484 3128 654 3184 nostroruur;
673 3141 838 3193 quamquam
852 3124 996 3193 sperabam

146 3200 225 3251 tuum
254 3198 410 3267 adrentum,
432 3199 473 3255 sic
495 3200 568 3255 enim
592 3199 746 3270 audiebam,
770 3200 993 3272 appropinquare
