2200 3450
109 167 139 215 20
332 166 369 214 M.
388 165 512 214 TllLLll
532 163 722 212 CICERONIS

160 248 255 301 XVll.
274 254 313 302 53.
334 247 436 300 Multas
448 247 483 298 ad
496 262 540 298 res
553 246 685 312 perutiles
696 244 885 312 Xenophontis
893 243 958 298 libri

110 327 179 390 sunt,
199 339 267 391 qnos
288 323 379 390 legite,
401 339 509 390 quaeso,
531 321 661 386 studiose,
682 326 713 373 ut
734 320 831 373 facitis.
869 320 958 383 Quam

109 400 215 468 copiose
227 399 261 452 ab
274 416 306 453 ee
318 399 485 468 agricultura
497 396 626 450 laudatur
638 397 666 450 in
679 413 711 450 ee
723 396 793 449 libro
807 396 853 464 qui
866 399 909 449 est
922 396 958 450 de

109 475 210 528 tuenda
224 492 254 528 re
269 476 404 541 familiari,
417 475 464 542 qni
482 473 678 527 Oeconomicus
695 472 867 525 inscribitur!
905 474 958 526 At-

109 568 161 619 que
174 555 206 604 ut
222 551 382 619 intelligatis
399 550 464 603 nihil
479 550 505 603 ei
521 543 578 603 tam
595 549 686 618 regule
698 548 785 602 videri
803 565 885 617 quam
899 553 957 602 stu-

109 627 182 680 dium
203 628 262 695 agri
282 628 395 692 colendi,
417 627 543 680 Socrates
562 626 591 678 in
612 641 645 678 ee
663 625 734 678 libro
753 625 876 693 loquitur
894 643 957 680 eum
977 647 982 653 ·

109 704 257 770 (rutabula,
271 703 370 772 Cyrum
386 702 526 768 minorem,
539 718 633 769 regem
647 701 801 767 Persarum,
816 706 956 767 praestan·

108 782 163 832 tarn
175 779 283 847 ingenio
295 775 379 846 atque
393 777 501 844 imperii
516 777 610 844 gloria,
624 793 707 844 quum
724 776 864 845 Lysander
875 778 957 832 Laee-

108 854 264 908 daemonius
278 855 319 908 vir
337 869 458 906 summae
470 853 581 907 virtutis
594 854 713 906 venisset
729 852 766 905 ad
781 869 844 907 euru
861 855 956 908 Sardis

107 931 187 998 eique
203 931 274 984 dona
291 948 308 984 a
324 930 402 984 sociis
420 929 566 994 attulisset,
579 933 609 982 et
625 929 723 983 ceteris
741 929 768 982 in
787 929 869 982 rebus
885 941 956 984 com-

107 1023 216 1060 nmnem
234 1023 299 1074 erga
318 1007 487 1074 Lysandrum
505 1009 590 1073 atque
607 1006 753 1058 humanum
771 1006 862 1072 fuisse,
882 1008 955 1062 etei

107 1100 123 1148 q
128 1082 242 1135 nendam
255 1087 431 1151 consaeptum
447 1099 544 1149 agrum
556 1081 704 1150 diligenter
717 1082 851 1136 censitum
865 1087 955 1136 osten-

107 1159 186 1212 disse.
224 1159 313 1222 Quum
329 1162 422 1212 autem
437 1159 621 1211 admiraretur
637 1157 776 1226 Lysander
791 1163 821 1212 et
837 1160 955 1226 pulceri-

108 1239 179 1287 tates
202 1234 330 1288 arborum
352 1238 381 1288 et
402 1233 521 1288 directos
545 1233 574 1285 in
595 1234 772 1302 quincuncem
795 1234 906 1288 ordines
925 1240 955 1290 et

107 1310 218 1364 humum
237 1310 377 1364 subactam
394 1314 479 1378 atque
496 1326 593 1376 puram
611 1314 641 1364 et
658 1310 822 1372 suauitatem
839 1310 954 1364 edorum

107 1387 154 1454 qui
173 1387 331 1440 afflarentur
350 1403 365 1440 e
383 1386 503 1451 fioribus
521 1389 582 1440 turn
602 1402 665 1440 eum
684 1386 906 1453 dixisse-mirari
924 1404 955 1441 se

106 1479 159 1516 non
176 1465 259 1517 modo
273 1463 443 1531 diligentiam
461 1461 511 1515 sed
527 1462 611 1515 etiam
627 1462 775 1516 sollertiam
793 1462 854 1529 ejus
869 1479 886 1515 a
900 1479 954 1530 que

107 1544 198 1593 essent
210 1539 256 1592 illa
264 1539 388 1592 dimensa
401 1543 484 1606 atque
493 1537 641 1606 discripta;
657 1542 687 1592 et
698 1539 723 1592 ei
733 1539 833 1606 Cyrum
844 1555 954 1608 respon-

107 1615 193 1669 disse:
218 1616 305 1683 Atqui
320 1632 371 1683 cgo
385 1614 476 1668 omitia
493 1613 548 1667 ista
566 1630 626 1668 sum
641 1614 796 1680 dimensus3
818 1616 872 1668 mei
890 1617 955 1668 sunt

107 1691 223 1758 ordines,
237 1707 298 1745 mea
311 1690 468 1760 discriptlo;
485 1689 588 1745 multae
600 1691 684 1745 etiam
698 1691 812 1746 istarum
826 1690 954 1747 arbonam

107 1784 167 1821 mea
179 1784 260 1821 manu
272 1771 336 1821 sunt
349 1771 430 1821 satae.
462 1767 531 1820 Tum
544 1767 715 1835 Lysandrum
727 1768 878 1822 intuentem
890 1785 955 1838 pur-

106 1861 202 1912 puram
219 1843 278 1911 ey'ns
295 1846 323 1896 et
339 1843 457 1897 nitorem
476 1842 596 1912 corporis
614 1846 795 1912 ornatumque
814 1845 953 1898 Persicum

107 1920 192 1973 multo
211 1936 277 1973 auro
298 1919 446 1988 multisque
470 1920 586 1987 gemmis
606 1918 724 1985 dixisse3
749 1920 814 1974 litte
832 1937 896 1974 vero
915 1924 953 1987 te,

108 1996 184 2063 Cyre,
199 1995 311 2050 beatum
323 1995 423 2063 ferunt,
436 1995 563 2064 queniam
578 1996 676 2051 virtuti
690 2000 755 2049 tune
769 1997 878 2050 fortuna
893 2013 954 2050 cen-

105 2071 200 2139 juneta
217 2074 266 2125 est.
302 2076 342 2125 60.
370 2071 429 2124 Hac
446 2071 531 2139 igitur
549 2072 659 2126 fortuna
676 2073 729 2126 frui
747 2072 812 2126 licet
829 2072 953 2139 senibus;
1007 2116 1013 2120 .

107 2164 157 2201 nec
170 2150 245 2201 aetas
261 2146 377 2215 impedit
391 2164 445 2215 quo
460 2147 549 2200 minus
565 2152 594 2201 et
607 2153 759 2202 ceterarum
775 2166 866 2202 rerum
880 2151 909 2202 et
925 2149 953 2201 in

106 2223 200 2290 primis
214 2224 273 2291 agri
289 2222 394 2277 colendi
410 2222 502 2276 studia
517 2227 658 2277 teneamus
673 2225 810 2293 usquead
826 2225 952 2277 ultirunm

107 2304 215 2369 tempus
227 2300 383 2355 senectutis
421 2299 458 2351 M.
471 2299 583 2366 quidem
599 2300 735 2354 Valerium
748 2302 864 2355 Cerrvnm
879 2316 954 2355 acce-

107 2376 195 2442 pimus
214 2375 250 2430 ad
269 2376 447 2430 centesimum
468 2392 568 2428 annum
588 2376 757 2444 perduxisse,
776 2394 860 2445 quum
880 2378 955 2431 esset

107 2454 168 2503 acta
176 2451 235 2520 jam
247 2456 339 2505 aetate
350 2452 379 2504 iu
391 2453 464 2519 agris
477 2469 579 2520 eosque
590 2453 707 2518 coleret3
723 2453 802 2521 cujus
815 2454 888 2507 inter
899 2452 955 2521 pri-

107 2543 180 2580 mum
194 2532 223 2581 et
237 2532 345 2581 sextum
358 2527 528 2581 consulatum
543 2545 591 2581 sex
604 2532 633 2582 et
645 2529 828 2598 quadraginta
841 2528 904 2582 anni
915 2528 955 2581 in-

107 2603 269 2657 terfuerunt.
293 2603 339 2657 lta
351 2607 483 2674 quantum
497 2605 617 2674 spatium
628 2607 728 2659 aetatis
739 2607 857 2675 majores
868 2604 955 2659 nostri

107 2679 143 2732 ad
158 2680 305 2733 senectutis
323 2679 432 2734 initium
448 2697 509 2735 esse
525 2682 677 2750 voluerunt,
693 2686 787 2737 tantus
802 2682 842 2736 illi
860 2697 955 2736 cursus

107 2756 239 2809 hunorum
257 2756 325 2821 fuit3
350 2759 433 2825 atque
453 2756 512 2825 ejus
532 2761 657 2813 extrema
675 2763 751 2813 aetas
773 2759 825 2813 hoe
847 2758 955 2812 beatior

107 2847 189 2898 quam
201 2831 298 2900 media,
311 2832 385 2900 quod
397 2834 568 2887 auctoritatis
580 2834 699 2889 habebat
710 2836 779 2904 plus,
790 2834 892 2889 laboris
905 2833 955 2886 mi-

108 2921 167 2961 uus.
193 2908 274 2975 Apex
287 2914 330 2961 est
341 2913 433 2963 autern
446 2911 594 2964 senectutis
606 2911 761 2964 auctoritas
788 2910 956 2975 61.⁰Quantn

107 2981 161 3049 luit
179 2982 207 3035 in
226 2982 257 3036 L.
270 2983 387 3037 Caecilio
402 2985 529 3039 llletellel
555 2989 658 3052 quanta
675 2986 705 3039 in
723 2985 811 3039 Atilio
830 2984 956 3039 Calatino

107 3058 136 3109 in
155 3074 237 3126 quem
251 3058 320 3112 illud
339 3060 455 3127 elom'um
475 3061 600 3114 unicum:
626 3061 763 3113 Plurimae
783 3060 957 3113 consentiunt

108 3138 203 3199 gentes
214 3133 306 3202 populi
321 3134 482 3202 primarium
496 3135 582 3189 fuisse
594 3134 692 3189 virum.
727 3135 753 3187 N
755 3137 832 3188 otum
844 3139 888 3189 est
899 3151 957 3189 ear-

109 3225 170 3262 meu
188 3210 302 3263 incisum
320 3210 348 3263 iu
367 3211 497 3278 sepulcro.
533 3211 604 3263 Jure
617 3210 701 3276 igitur
718 3210 809 3276 gravis
826 3210 956 3277 cujusda
