2200 3450
120 175 150 220 24
350 173 386 220 M.
406 170 532 220 TULLII
549 171 741 222 CICERONIS

118 254 212 307 videar
230 252 433 320 aliquandoque
456 253 484 306 in
503 256 615 322 portum
638 270 673 307 ex
695 246 777 322 longa
795 253 974 323 navigatione

119 346 179 382 csse
196 333 335 382 venturus.

171 405 232 458 XX.
276 409 315 462 72.
348 405 475 470 Omnium
503 409 626 460 aetatum
648 409 741 460 certus
759 411 802 460 est
819 410 973 462 terminus:

118 483 267 536 senectutis
286 485 378 536 autern
396 479 486 535 nullus
505 485 597 536 certus
615 485 658 536 est
676 483 816 549 terminus,
837 488 973 551 recteque

118 558 146 609 iu
158 575 190 611 ca
201 559 309 626 vivitur,
328 558 419 626 quoad
431 575 529 611 munus
547 558 628 611 officii
645 559 759 626 exsequi
778 561 807 610 et
825 559 896 611 tueri
908 576 973 626 pos-

118 634 154 686 sis
172 637 201 688 et
218 638 311 688 tamen
326 637 444 687 mortem
463 637 651 688 contemnere,
681 635 723 686 Ex
741 650 796 702 quo
814 633 847 686 fit
864 638 896 686 ut
913 637 973 687 ani-

117 710 217 763 mosior
230 711 313 763 etiam
328 713 454 762 senectus
473 711 508 762 sit
526 727 608 777 quam
626 709 811 763 adolescentia
822 713 851 762 et
862 711 970 763 fortior.

119 785 179 838 Hoc
202 785 272 838 illud
295 789 339 839 est
362 785 437 852 quod
458 785 602 838 Pisistrato
627 789 741 852 tyranno
765 803 782 838 a
806 786 903 839 Solone
927 805 971 839 re

118 877 245 927 sponsum
258 862 307 927 est,
322 877 403 928 quum
417 860 457 912 illi
470 861 688 929 quaerentique
699 861 811 914 tandem
823 877 871 928 spe
880 862 970 916 fretus

118 935 169 987 sibi
189 939 247 988 tarn
267 935 407 988 audaciter
428 936 583 1003 obsisteret,
606 938 778 1005 respondisse
803 937 903 991 dicitur
921 940 970 991 Sc·

117 1014 233 1064 nectute.
270 1012 325 1086 Sed
336 1012 451 1065 'vivendi
471 1016 514 1065 est
531 1013 593 1064 finis
612 1014 737 1080 optimus,
756 1029 841 1081 quum
859 1014 971 1080 integra

117 1092 209 1140 mente
222 1089 376 1156 ceterisque
392 1087 515 1140 sensibus
528 1105 596 1155 opus
608 1089 667 1156 ipsa
684 1105 763 1141 suum
781 1088 877 1142 eedem
895 1106 970 1157 quae

117 1164 315 1230 coagmentavit
324 1166 422 1216 natura
435 1162 565 1216 dissolvit.
597 1164 637 1217 Ut
648 1181 754 1232 navem,
765 1166 798 1217 ut
809 1164 965 1218 aedificium

116 1238 190 1291 idem
213 1239 332 1293 destruit
355 1238 482 1292 facillime
510 1240 557 1307 qui
583 1240 743 1307 construxit,
769 1241 808 1293 sic
829 1240 967 1294 hominem

117 1315 213 1368 eadem
225 1316 326 1384 optime
339 1332 409 1384 quae
421 1315 618 1382 conglutinavit
629 1318 729 1368 natura
740 1316 872 1376 dissolvit.
901 1317 919 1368 J
922 1333 967 1368 am

117 1392 202 1444 omnis
214 1392 409 1459 conglutinatio
421 1408 516 1444 recens
528 1409 618 1459 aegre,
627 1392 781 1445 inveterata
792 1392 870 1444 facile
882 1392 967 1444 divel-

116 1467 188 1521 litur.
225 1469 270 1521 lta
289 1469 367 1522 litut
385 1467 454 1521 illud
471 1467 556 1521 breve
574 1468 646 1520 vitae
664 1467 800 1535 reliquum
817 1484 868 1520 nec
887 1469 968 1521 avide

116 1545 301 1612 appetendum
320 1544 429 1598 senibus
452 1561 502 1597 nce
526 1545 584 1596 sinc
608 1560 689 1596 causa
709 1543 891 1596 deserendum
913 1545 968 1606 sit3

116 1624 246 1689 vetatque
259 1621 428 1688 Pythagoras
439 1619 544 1688 injussu
556 1619 735 1687 imperatoris,
747 1619 778 1671 id
794 1621 844 1687 est,
861 1619 914 1685 dei,
930 1619 967 1672 de

116 1696 251 1765 pracsidio
264 1700 293 1749 et
305 1697 421 1749 statione
430 1696 503 1751 vitae
511 1696 652 1749 decedere.
678 1700 719 1753 73.
738 1694 844 1749 Solonis
854 1694 966 1764 quidem

116 1773 247 1840 sapientis
265 1773 382 1839 elogium
401 1776 450 1839 est,
470 1789 523 1841 quo
536 1789 566 1825 so
578 1776 661 1839 negat
672 1772 742 1825 velle
754 1788 831 1825 suam
848 1775 965 1824 mortem

116 1855 209 1909 dolore
227 1856 373 1909 amicorum
395 1858 424 1909 et
444 1856 571 1909 lamentis
591 1848 695 1908 vacare.
731 1854 808 1921 Vult,
826 1853 917 1921 eredo,
936 1871 966 1907 se

116 1948 176 1985 esse
188 1933 280 1984 carum
293 1932 348 1984 suis
359 1953 365 1996 ;
383 1931 432 1984 sed
444 1931 518 1983 haud
530 1930 585 1983 seio
597 1948 631 1983 an
644 1931 740 1983 melius
753 1930 873 1985 Ennius:

212 2008 294 2056 Nemo
306 2024 344 2055 me
356 2008 471 2055 lacrumis
483 2007 582 2055 decoret
593 2023 673 2070 neque
684 2008 773 2054 funera
782 2007 843 2055 fletu

214 2080 296 2128 Faxit.

117 2164 157 2215 74.
176 2159 201 2212 N
204 2176 238 2213 on
251 2161 344 2213 censet
355 2160 504 2226 lugendam
523 2176 582 2213 esse
601 2164 717 2214 mortem
731 2176 812 2228 quam
825 2160 963 2211 immoriar>

116 2234 177 2289 litas
198 2239 388 2303 consequatur.
425 2236 490 2287 Jam
511 2252 607 2287 sensus
625 2236 759 2288 moriendi
784 2236 881 2303 uliquis
904 2251 964 2286 csso

115 2317 213 2380 potest,
231 2314 308 2381 isque
325 2312 361 2365 ad
374 2313 502 2379 exiguum
514 2314 624 2379 tempus
635 2312 796 2379 praesertim
813 2313 884 2363 seni:
901 2320 964 2379 poss

116 2393 231 2442 mortem
252 2388 364 2457 quidem
384 2404 478 2441 sensus
502 2391 550 2440 aut
570 2388 707 2455 optandus
732 2392 781 2440 aut
801 2388 891 2440 nullus
913 2391 962 2440 est

117 2466 171 2517 Sed
183 2465 233 2517 hoe
245 2464 408 2527 meditatum
421 2464 456 2517 ab
469 2463 652 2516 adolescentia
668 2463 752 2516 debet
770 2480 829 2516 csso
846 2471 961 2516 mortem

116 2545 147 2592 ut
169 2540 343 2608 negligamus,
364 2540 422 2593 sine
446 2556 501 2607 qua
523 2540 702 2593 meditatione
730 2540 878 2608 tranquillo
903 2556 963 2593 esse

116 2618 204 2669 animo
217 2632 295 2669 nemo
311 2620 410 2685 potest.
445 2616 619 2669 Moriendum
637 2617 709 2669 enirn
728 2620 803 2670 certe
820 2620 870 2684 est,
888 2620 917 2668 et
934 2616 964 2668 id

116 2694 249 2745 incertum
261 2709 296 2746 an
308 2708 340 2745 eo
351 2692 410 2760 ipso
423 2692 476 2745 die.
514 2691 633 2746 Mortem
650 2692 736 2760 igitur
753 2693 878 2746 omnibus
889 2692 964 2745 horis

20 2764 27 2775 “
115 2767 319 2836 impendentem
331 2768 430 2821 timens
442 2769 489 2835 qui
501 2770 605 2835 poterit
616 2770 706 2821 animo
718 2769 886 2822 consisteret
923 2771 962 2824 75.

117 2843 158 2895 De
178 2859 233 2911 qua
250 2859 303 2896 non
319 2844 358 2896 ita
374 2844 454 2911 longa
472 2844 656 2911 disputatione
678 2860 746 2910 opus
767 2860 826 2897 esee
847 2843 963 2907 videtur,

116 2934 200 2986 quum
215 2920 343 2973 recorder
360 2935 414 2972 non
435 2920 463 2973 L.
479 2920 597 2973 Brutum
615 2919 662 2987 qui
679 2920 707 2971 in
723 2919 864 2973 liberanda
874 2920 964 2987 patria

116 2996 159 3045 est
170 2994 338 3061 interfectus,
350 3010 404 3047 non
416 2995 471 3047 duo
485 2995 583 3048 Decios
594 2995 642 3062 qui
654 2993 690 3046 ad
701 2994 882 3047 voluntariam
894 3011 964 3047 mor-

115 3072 173 3121 tem
185 3085 292 3122 eursum
308 3086 441 3137 equorum
456 3069 645 3135 incitaverunt,
663 3084 717 3120 non
735 3068 774 3120 M.
787 3069 902 3122 Atilium
916 3071 964 3137 qui

99 3145 153 3207 ,ad
165 3145 324 3213 supplicium
341 3147 384 3198 est
395 3146 534 3213 profectus
551 3146 584 3197 ut
601 3143 685 3195 fidem
702 3142 774 3195 hosti
789 3143 883 3196 datam
901 3161 965 3197 con·

117 3224 247 3288 servaret,
260 3238 314 3274 nou
326 3220 380 3273 duo
393 3221 529 3289 Scipiones
548 3220 594 3286 qui
610 3220 664 3271 iter
681 3217 778 3270 Poenis
790 3218 833 3271 vel
846 3220 965 3289 corpori-
