2200 3450
316 199 406 248 CATO
423 199 554 247 MAJOR.
577 159 666 248 'CAR
685 199 735 247 VI.
757 200 817 249 VH.
978 201 992 251 7

148 281 204 334 sint
220 279 339 348 gerenda
352 278 506 348 praescribo
525 281 555 332 et
572 277 721 346 quomodo:
741 278 907 352 Karthagini
922 280 994 334 male

146 355 204 427 jam
219 355 267 408 diu
280 355 411 424 cogitanti
429 354 530 408 bellum
545 355 633 408 multo
646 358 711 408 ante
728 356 867 426 denuntio,
886 357 922 410 dc
940 373 994 424 qua

148 432 236 486 vereri
253 448 307 484 non
324 434 389 484 ante
402 430 524 484 desinam
538 447 621 499 quam
635 429 708 483 illam
724 434 841 486 excisam
859 450 919 488 esse
934 448 995 500 cog-

150 524 272 566 novere..
288 513 325 562 19.
346 509 432 572 Quam
444 505 563 574 palmam
574 507 679 560 utinam
693 507 738 558 llil
751 508 925 574 immortales,
940 509 995 562 Sci-

149 584 201 656 pio,
216 583 268 637 tibi
282 586 429 650 reservent,
444 586 475 636 ut
494 583 537 635 avi
552 581 681 652 reliquias
695 599 868 652 persequare,
886 584 964 653 cujus
978 601 996 636 a

149 659 354 716 mortetertius
372 658 416 711 hic
431 656 460 711 et'
475 657 629 712 tricesimus
644 674 730 710 annus
747 665 804 713 est:
827 661 878 714 sed
895 675 995 714 meme

149 735 218 788 riam
227 734 300 788 illius
308 734 359 788 viri
369 750 462 788 omncs
471 733 608 801 excipient
616 734 679 802 anni
689 740 893 802 consequentes.
914 739 996 788 Anno

150 813 214 864 ante
226 826 269 863 me
281 827 420 863 censorem
433 813 557 863 mortuus
568 812 618 875 cst,
631 825 727 862 novem
741 813 819 865 annis
830 816 893 880 pest
905 827 994 863 meum

150 885 326 952 consulatum,
346 902 430 954 quum
454 885 546 938 consul
570 885 671 938 iterum
695 902 739 939 mc
757 888 868 940 consule
886 881 996 939 creatus

151 969 230 1017 esset.
267 963 340 1014 Num
357 961 449 1029 igitur,
468 961 543 1013 eiad
562 962 739 1014 centesimum
757 980 857 1015 annum
876 962 996 1026 vixisset,

151 1039 299 1092 senectutis
314 1054 377 1110 cum¹
391 1052 455 1089 suae
469 1037 657 1104 poenitcrctl'
676 1038 700 1089 N
704 1055 735 1090 ec
751 1039 822 1092 enim
837 1037 996 1091 excursione

152 1129 202 1167 nec
220 1114 292 1166 saltu
307 1131 357 1166 nec
372 1113 477 1166 eminus
491 1113 577 1165 hastis
592 1118 641 1165 aut
656 1115 777 1167 cominus
792 1115 891 1183 gladiis
906 1117 997 1167 utere

152 1193 205 1256 tur,
217 1189 266 1242 sed
278 1189 395 1256 consilio,
407 1189 521 1255 ratione,
534 1191 677 1244 sententia
714 1191 790 1254 Quae
802 1192 853 1243 nisi
865 1193 957 1244 esseut
969 1190 996 1241 iu

152 1265 268 1335 senibus,
284 1282 337 1318 non
355 1281 489 1318 summum
508 1265 649 1318 consilium
667 1266 784 1334 majores
802 1268 889 1318 nostri
907 1265 996 1332 appel-

151 1341 253 1394 lassent
270 1342 407 1394 Senatum.
443 1346 484 1394 20.
495 1341 591 1408 0Apud
607 1341 834 1394 Lacedaemonios
851 1341 962 1408 quidem
979 1340 997 1391 ii

141 1484 142 1488 Ἰ
154 1417 200 1484 qui
213 1417 407 1485 amplissimum
419 1415 610 1482 magistratum
622 1419 729 1484 gerunt,
738 1421 770 1468 ut
782 1419 853 1482 sunt,
866 1417 905 1468 sic
915 1416 998 1468 etiam

152 1492 324 1545 nominantur
343 1507 429 1546 senes.
453 1491 546 1555 'Quod
566 1492 588 1542 si
607 1491 699 1558 legere
720 1496 768 1545 aut
786 1491 883 1544 audire
901 1491 999 1544 voletis

141 1571 274 1634 externa,
292 1567 424 1620 maximas
441 1566 625 1634 respublicas
643 1566 678 1620 ab
694 1566 911 1622 adolescentibus
928 1566 999 1620 labe-

153 1643 246 1709 factas,
259 1660 274 1696 a
287 1643 396 1696 senibus
408 1645 575 1695 sustentatas
588 1648 617 1696 ct
629 1643 772 1696 restitutas
784 1643 934 1719 reperietis.

173 1721 246 1780 Cedo,
261 1724 306 1783 qui
317 1725 425 1767 vestram
437 1719 488 1767 rem
500 1719 623 1781 publicam
635 1727 732 1769 tantam
744 1721 859 1769 amisistis
871 1725 923 1769 tam
935 1721 998 1769 cito?

155 1791 200 1845 Sic
212 1791 283 1843 cuim
295 1794 497 1858 percontantur,
512 1794 543 1843 ut
556 1792 639 1845 estin
651 1792 747 1845 Naevii
759 1792 845 1847 Ludo.
877 1792 999 1859 Respon-

155 1867 255 1921 dentur
266 1869 296 1920 et
307 1866 360 1919 alia
370 1870 400 1920 et
411 1867 462 1920 hoc
471 1866 500 1937 in
512 1866 622 1936 primis:
634 1927 636 1930 ,

216 2009 218 2012 v
247 1944 430 1991 Proveniebant
443 1948 550 1991 oratores
563 1944 629 2003 novi,
643 1945 713 1993 stulti
724 1946 906 1994 adolescentuli.

154 2020 306 2075 Temeritas
325 2024 367 2075 est
385 2021 513 2075 videlicet
529 2022 653 2075 florentis
671 2024 778 2089 aetatis,
797 2022 943 2092 prudentia
961 2038 1000 2075 se-

153 2098 296 2152 nescentis.
495 2106 497 2111 ’

206 2172 274 2227 VII.
305 2178 345 2226 21.
378 2174 418 2225 ht
435 2172 567 2226 memoria
584 2172 723 2227 minuitur.
760 2173 857 2241 Credo,
872 2173 925 2226 nisi
940 2188 1001 2225 cam

154 2264 281 2301 exerceas
291 2251 339 2301 aut
351 2246 374 2299 si
387 2248 423 2300 sis
432 2250 530 2301 natura
539 2248 651 2301 tardior.
677 2248 872 2301 Themistocles
881 2248 1000 2300 omnium

155 2323 252 2376 civium
270 2326 431 2391 perceperat
449 2323 564 2376 nomina.
601 2323 674 2375 Nrun
694 2323 778 2390 igitur
796 2323 912 2394 censetis
931 2340 1000 2389 eum,

155 2415 238 2466 quum
256 2403 347 2451 aetate
365 2398 550 2466 processisset,
569 2399 615 2466 qui
634 2398 774 2451 Aristides
792 2401 864 2451 esset
883 2398 1001 2465 Lysima-

154 2473 234 2527 chum
253 2474 371 2527 salutare
389 2474 532 2529 solituml
552 2474 687 2541 Equidem
704 2490 758 2527 non
776 2475 857 2526 modo
875 2489 922 2527 eos
939 2474 1000 2526 novi

154 2550 202 2619 qui
214 2554 284 2616 sunt,
298 2549 347 2603 sed
359 2565 453 2611 eorum
465 2553 559 2617 patres
571 2550 654 2601 etiam
666 2554 696 2603 et
707 2566 777 2603 avos.
807 2550 832 2601 N
835 2566 865 2603 ee
878 2550 1002 2617 sepulcra

153 2626 247 2693 legens
262 2642 368 2692 -vereor,
387 2625 461 2692 quod
478 2626 563 2693 aiunt,
580 2642 615 2679 ne
632 2625 792 2680 memoriam
809 2626 939 2695 perdam;
959 2626 1002 2677 his

154 2702 225 2755 enim
249 2702 316 2768 ipsis
339 2702 462 2770 legendis
485 2702 514 2754 in
534 2703 692 2755 memoriam
717 2703 811 2757 redeo.
824 2705 1000 2755 mortuorum.

155 2776 213 2831 Nee
232 2793 296 2829 vero
316 2794 479 2845 quemquam
501 2794 594 2833 senem
621 2779 711 2832 audivi
733 2778 848 2832 oblitum
870 2794 924 2845 quo
944 2776 1002 2829 loco

152 2852 310 2905 *thesaurum
323 2852 465 2907 obruisset.
503 2854 601 2908 Omnia
614 2871 684 2923 quae
696 2858 793 2907 curant
804 2855 1000 2916 meminerunt,

153 2928 307 2981 vadimonia
326 2929 489 2993 constituta;
514 2931 561 2998 qui
583 2930 642 2994 sibi,
660 2930 704 2983 cui
724 2930 777 2997 ipsi
797 2929 923 2981 debeant.
960 2932 999 2984 22

155 3002 227 3067 Quid
239 3003 435 3077 jurisconsulti,
453 3005 521 3073 quid
538 3006 687 3073 pontifices,
707 3005 774 3073 quid
792 3020 916 3071 augures,
935 3002 1003 3069 quid

152 3078 306 3151 philosophi
325 3094 414 3146 senes,
436 3081 629 3147 quammulta
653 3082 848 3134 rrrcnrinerunt!
887 3078 1001 3129 hlanent

155 3152 262 3219 bigerris
273 3154 390 3221 senibus,
403 3155 483 3207 ruodo
497 3159 657 3223 permaneat
672 3154 794 3210 studium
810 3159 839 3205 et
853 3150 1000 3211 iudustria;

155 3230 359 3291 ventricolam
382 3232 408 3281 ia
429 3230 507 3288 elaris
527 3233 557 3283 et
575 3230 715 3285 honoratis
734 3229 807 3293 viris,
828 3225 879 3279 scd
897 3224 927 3275 in
945 3223 1002 3275 vita
