2200 3450
119 176 151 222 se
462 172 637 241 narsaeus

119 271 150 310 es
173 270 208 307 ex
232 253 332 322 quibus
354 247 504 308 nonnullas
522 254 676 308 simultates
699 271 761 310 eum
786 273 886 326 magna
911 277 975 315 mea

118 329 226 384 laetitia
252 334 392 396 susceptas
416 329 556 384 habemns
605 331 667 384 Nisi
692 331 764 386 forta
789 349 834 388 me
861 335 974 390 Paeonii

117 405 208 460 neseio
228 404 305 473 enjus
323 404 439 458 hominis
459 423 495 460 ne
516 405 614 460 Graeci
636 407 748 475 quidem
769 425 801 462 ac
821 409 905 477 Mysii
925 417 975 466 aut

118 481 234 549 Phrygis
259 480 350 548 potius
376 481 497 548 querelis
521 483 624 536 moveri
652 486 751 550 putas;
773 489 821 539 aut
848 486 974 542 Tirsoenii

117 556 233 611 hominis
246 556 341 609 furiosi
355 574 386 610 aa
399 556 503 610 sordidi
516 559 635 621 vocibus,
653 560 732 626 eujus
747 564 780 614 tu
795 577 829 614 ex
847 561 975 632 impuris-

118 634 193 687 simis
216 632 340 686 faucibus
365 633 612 687 inhonestissimam
640 636 819 703 cupiditatem
848 640 975 708 eripuisti

77 725 88 744 ·
119 725 298 763 summarum
312 709 461 778 aequitate.

171 784 237 840 VII.
258 789 297 839 20.
319 786 396 838 Haec
408 790 438 840 et
448 789 541 839 cetera
557 785 638 853 plena
656 787 815 856 seueritatis,
834 807 904 858 quae
922 795 975 845 sta

119 863 197 917 tuisti
209 862 238 915 in
249 861 304 914 ista
316 862 462 930 provincia,
474 877 529 914 non
540 861 619 916 facile
631 863 689 916 sine
702 881 807 917 summa
814 866 975 934 integritate

119 941 321 994 sustineremus.
344 938 434 1003 Quare
443 938 974 1010 sitsummainjuredieundoseveritas,

119 1015 266 1069 dammodo
279 1033 312 1069 ea
323 1032 358 1069 ne
371 1015 493 1069 varietur
504 1014 602 1082 gratia,
620 1014 670 1068 sed
685 1020 860 1071 conservetur
876 1035 976 1088 aequa

118 1091 188 1146 bilis.
224 1090 280 1146 Sed
292 1094 384 1145 tamen
396 1091 474 1161 parvi
485 1090 571 1144 refert
582 1090 631 1144 abs
642 1095 672 1144 te
683 1091 742 1160 ipsa
749 1092 798 1161 jus
809 1093 863 1147 diei
875 1111 975 1164 sequa-

119 1168 213 1223 biliter
224 1171 254 1223 et
266 1168 421 1237 diligenter,
435 1167 487 1222 nisi
501 1167 576 1220 idem
593 1167 627 1220 ab
644 1167 678 1220 iis
693 1168 742 1222 fiet
756 1170 855 1238 quibus
869 1173 901 1223 tu
915 1169 975 1237 ejus

118 1245 240 1299 muneris
253 1245 373 1315 aliquam
387 1248 497 1314 partem
515 1244 686 1297 concesseris.
725 1244 767 1298 Aa
781 1245 848 1298 mihi
863 1246 974 1314 quidem

118 1321 228 1375 videtur
246 1338 299 1374 aon
321 1337 385 1374 sane
405 1336 505 1386 magna
526 1319 645 1373 varietas
669 1335 728 1373 esse
751 1321 922 1388 negotiorum
945 1322 974 1376 in

119 1396 336 1451 administranda
356 1396 432 1463 Asia,
454 1395 503 1448 sed
521 1412 555 1448 ea
573 1398 632 1448 tote
646 1395 838 1462 jurisdictione
855 1398 975 1451 maxime

12 1492 16 1502 “
119 1474 254 1528 sustineri
289 1473 325 1527 In
336 1489 391 1542 qna
401 1472 532 1525 scientiae
544 1471 707 1541 praesertim
718 1472 892 1540 provincialis
903 1474 975 1527 ratio

119 1551 179 1617 ipsa
191 1549 321 1619 expedita
332 1552 392 1603 est:
409 1548 564 1602 constantia
580 1552 623 1602 est
639 1547 796 1602 adhibenda
811 1552 841 1602 et
854 1549 975 1617 gravitas

119 1642 191 1696 quea
203 1626 316 1680 resistat
328 1642 382 1678 non
394 1624 480 1678 solum
492 1624 599 1690 gratiae
611 1640 705 1677 verum
721 1625 804 1678 etiam
821 1625 974 1693 suspicioni.

119 1707 160 1757 21.
181 1701 370 1770 Adjungenda
383 1700 466 1755 etiam
484 1703 530 1755 est
541 1699 658 1755 facilitas
674 1700 701 1754 in
717 1700 861 1768 audienda,
877 1701 975 1755 lenitas

119 1777 147 1829 in
160 1777 341 1845 decernendo,
353 1778 381 1830 in
394 1776 587 1834 satisfaciendo
601 1793 633 1829 ee
646 1776 810 1845 disputando
825 1778 974 1845 diligentia.

121 1853 174 1906 His
189 1851 271 1907 rebus
290 1869 378 1922 nuper
396 1853 424 1906 O.
445 1853 575 1905 Octavius
590 1852 805 1921 jucundissimus
821 1853 882 1919 fuit,
901 1854 973 1922 apud

120 1945 203 1997 quem
227 1928 331 1997 primus
354 1928 435 1983 lictor
458 1928 570 1996 quievit,
595 1928 681 1982 tacuit
703 1944 848 1993 aecensas3
867 1929 975 1997 quoties

121 2004 238 2073 quisque
256 2004 342 2058 voluit
362 2004 433 2058 dixit
452 2007 481 2057 et
501 2020 584 2071 quam
606 2004 692 2057 voluit
712 2004 766 2059 diu
805 2004 909 2067 Quibus
928 2004 975 2058 ille

120 2078 204 2133 rebla
224 2080 341 2133 fortasse
359 2080 441 2133 nimis
464 2080 532 2133 lenis
550 2079 699 2148 videretur,
718 2080 771 2134 nisi
790 2080 857 2135 haee
877 2080 975 2134 lenitas

120 2155 194 2210 illam
207 2156 383 2211 severitatem
394 2158 526 2209 tueretur.
554 2155 728 2223 Cogebantur
742 2156 845 2210 Sullani
853 2156 975 2209 homines

121 2248 192 2299 quae
211 2249 261 2302 per
281 2231 336 2285 vim
356 2236 385 2285 et
403 2234 508 2285 metum
527 2230 697 2285 abstulerant
715 2231 839 2286 reddere.
877 2231 929 2297 Qui
947 2232 974 2285 in

120 2308 327 2376 magistratibus
339 2307 467 2376 injuriose
480 2306 666 2374 decreverant,
677 2308 774 2363 eadem
785 2308 853 2377 ipsis
860 2308 976 2377 privatis

120 2384 253 2452 eratjure
265 2383 423 2453 parendum.
462 2383 539 2437 Haee
555 2383 627 2436 illins
642 2369 773 2439 seveiitas
790 2383 976 2438 00010111ίά0-

120 2463 205 2526 retur,
223 2461 274 2514 nisi
292 2460 387 2513 multis
400 2460 583 2514 condimentis
599 2458 779 2513 humanitatis
793 2460 974 2527 mitigaretur.

121 2540 163 2589 22.
193 2536 314 2599 Quodsi
332 2537 399 2590 haee
419 2535 517 2590 lenitas
536 2539 617 2602 grata
638 2535 743 2591 Romae
762 2540 812 2603 est,
831 2535 878 2589 ubi
897 2538 976 2589 tanta

121 2613 277 2679 arrogantia
299 2617 351 2680 est,
373 2617 431 2666 tam
454 2610 636 2665 immoderata
655 2612 775 2680 libertas,
794 2615 852 2667 tam
869 2598 976 2665 infinita

121 2686 261 2741 hominum
277 2688 396 2754 licentia,
417 2686 535 2755 denique
552 2690 596 2741 tat
611 2689 800 2757 magistratus,
812 2690 856 2743 tat
870 2686 976 2751 auxilia,

121 2765 199 2817 tante
225 2764 267 2820 vis
292 2763 416 2834 [pepulit
446 2765 526 2817 tanta
554 2763 671 2817 Senatus
699 2764 864 2829 auetoritae3
893 2778 975 2831 quam

120 2838 242 2905 jusunda
257 2839 370 2895 tandem
387 2838 521 2909 praetoris
539 2838 653 2893 aornitas
670 2840 698 2893 in
716 2840 784 2894 Asia
799 2842 892 2909 potest
908 2852 974 2899 ease,

121 2914 150 2969 in
162 2932 217 2984 qua
227 2920 305 2971 tanta
316 2914 465 2972 multituda
474 2913 580 2979 civium,
589 2916 667 2969 tanta
679 2916 820 2981 sociarum,
832 2918 876 2971 tot
887 2913 976 2975 urbes,

121 2994 165 3047 tot
177 2993 302 3048 civitates
312 2994 393 3048 nnius
404 2989 521 3046 hominis
532 2991 630 3041 nutum
642 2991 784 3045 intuentur
794 3012 801 3056 ;
812 2990 860 3043 ubi
872 2992 976 3043 1111111011

121 3070 254 3125 auxilium
277 3073 327 3133 eat,
350 3070 425 3123 nulla
448 3063 614 3132 eoaquestio,
638 3067 728 3121 nullus
752 3068 876 3133 Senatus,
903 3068 977 3120 omna

122 3145 232 3202 eontiat
269 3147 360 3210 Quare
380 3161 464 3215 quum
482 3139 624 3209 permagni
645 3141 760 3196 hominis
779 3145 822 3196 est
841 3144 871 3195 et
891 3158 974 3210 qnam

123 3220 184 3288 ipsa
195 3224 304 3313 „natura
325 3217 460 3276 moderati
480 3220 541 3269 tam
562 3229 626 3267 vero
647 3217 729 3271 etiam
748 3217 977 3283 doctrinamque
