2200 3450
360 147 525 199 LAELIUS.
561 150 639 198 cAP.
659 149 710 199 IX.
729 150 765 199 X.
960 153 989 198 39

134 248 232 287 causae
251 231 382 300 diligendi
400 232 546 300 profectae.
589 239 630 287 31.
648 233 690 287 Ut
705 233 778 286 enim
792 233 907 288 benefici
923 233 989 287 libc-

134 309 371 376 ralesquosumus
390 325 443 366 non
457 313 494 362 -ut
513 309 654 376 exigamus
671 309 796 376 gratiam,
808 326 898 378 neque
916 309 989 362 enim

134 381 296 438 beneficium
308 384 471 450 feneramur,
485 385 535 437 sed
544 388 644 437 natura
654 385 782 452 propensi
794 385 831 438 ad
842 386 990 440 liberalita-

134 464 191 513 tem
204 475 311 524 sumus3
324 460 362 512 sic
374 460 522 513 amicitiam
533 476 587 513 non
599 477 647 528 spe
659 461 794 514 mercedis
806 462 926 529 adducti,
939 463 989 515 scd

135 535 209 604 quod
216 536 303 587 omnis
312 535 373 603 ejus
384 537 491 589 fructus
502 537 530 588 in
542 537 601 604 ipso
613 552 705 589 amore
716 537 796 603 inest,
806 538 989 605 expetendam

134 607 275 678 putamus
299 605 478 679 31111111]ὴὶ
490 612 627 680 pecudum
638 613 695 666 ritu
707 612 744 664 ad
754 612 923 682 voluptatem
933 631 989 666 om-

135 687 180 740 nia
191 683 416 755 refenrnt'longe'
426 687 608 742 dissentiunt:
629 705 680 742 nec
691 689 798 742 mirum.
827 688 904 742 Nihil
916 690 989 743 enim
1032 687 1038 696 “

134 763 228 827 altum,
246 760 322 816 nihil
333 763 513 831 magnificum¹
523 763 694 817 acidivinum
713 765 852 833 suspicere
865 770 988 834 possunt,

135 838 183 907 qui
192 853 255 892 suas
264 835 357 893 omnes
366 835 543 912 cogitationes
550 838 711 908 abjecenmt
721 841 748 892 in
760 857 819 894 rem
831 845 888 895 tam
904 841 990 895 hnmi-

135 914 188 968 lem
201 911 312 983 tamque
325 918 520 992 contemptam.
557 915 740 980 Quamobrem
758 917 807 970 hos
822 918 935 986 quidem
952 918 989 971 ab

134 990 185 1043 hoc
203 1003 546 1046 sermoneremovcamus:
566 992 618 1060 ipsi
637 998 730 1047 autem
748 993 932 1062 intelligamus
944 1011 990 1046 na

135 1070 198 1119 tura
208 1066 284 1134 gigni
295 1077 406 1119 'sensum
421 1067 554 1135 diligendi
574 1072 604 1121 et
622 1067 828 1123 benevolentiae
845 1071 989 1124 caritatem

134 1142 208 1195 facta
225 1142 423 1209 significatione
438 1143 602 1212 probitatis;
625 1161 707 1213 quam
726 1146 774 1213 qui
796 1147 989 1214 appetiverunt

134 1218 272 1286 applicant
284 1229 344 1272 sese
356 1223 385 1272 et
396 1219 508 1287 propius
520 1220 668 1274 admovent
680 1224 712 1273 ut
725 1224 755 1274 et
767 1237 818 1274 usu
830 1220 890 1289 ejus
906 1238 989 1290 quem

135 1293 250 1361 diligere
262 1299 411 1362 coeperunt
422 1295 549 1348 fruantur
558 1299 588 1356 et
599 1295 729 1362 moribus,
740 1297 849 1366 sintque
863 1314 943 1365 pares
960 1299 988 1350 in

135 1373 268 1423 amore‘et
279 1367 414 1438 aequales,
426 1371 672 1440 propensioresque
689 1372 726 1424 ad
741 1371 813 1425 bene
828 1374 987 1426 merendum

134 1462 216 1514 quam
234 1446 270 1499 ad
287 1446 493 1515 reposcendum.
530 1450 625 1514 Atque
644 1447 711 1500 baec
731 1447 803 1501 inter
822 1465 868 1501 eos
889 1448 922 1502 fit
941 1448 989 1501 ho

134 1526 213 1576 nesta
232 1517 362 1576 certatio:
394 1522 439 1576 Sic
457 1526 487 1576 et
505 1523 640 1576 utilitates
657 1540 691 1576 ex
714 1524 834 1577 amicitia
854 1524 989 1578 maximae

133 1598 282 1666 capientur,
302 1600 403 1654 eterit
422 1599 482 1668 ejus
501 1603 580 1653 ortus
599 1604 731 1654 enatura
748 1618 831 1670 quam
847 1601 884 1654 ab
904 1601 988 1656 imbe

134 1673 247 1729 cillitate
259 1679 288 1730 et
303 1676 412 1744 gravior
423 1679 452 1730 et
464 1676 562 1731 verior.
598 1676 670 1731 Nam
687 1677 712 1731 si
729 1677 836 1733 utilitas
855 1678 988 1733 amicitias

134 1752 340 1819 conglutinaret,
353 1752 454 1806 eadcm'
461 1757 629 1809 commutata
645 1756 813 1809 dissolveret.
849 1755 905 1809 Sed
924 1756 989 1824 quia

112 1878 117 1885 ,
134 1831 232 1881 natura
243 1830 344 1881 mutari
356 1846 409 1881 non
420 1833 521 1898 potest,
533 1830 634 1884 idcirco
647 1848 727 1884 verae
739 1831 875 1885 amicitiae
889 1833 988 1900 sempi-

134 1908 229 1957 ternae
239 1909 309 1959 sunt.
335 1905 433 1959 Ortum
444 1906 554 1973 quidem
562 1907 696 1961 amicitiae
704 1896 867 1973 ridetis,nisi
878 1908 944 1975 quid
951 1908 987 1960 ad

134 1979 200 2032 baec
212 1979 282 2034 forte
291 1980 381 2035 vultis.
416 1982 503 2035 rma
523 1983 564 2035 Tu
575 2000 640 2036 voro
649 2000 739 2052 porge,
754 1983 835 2036 baali.
871 1983 925 2036 Pro
937 1983 988 2036 hoc

133 2056 205 2109 enirn
218 2058 265 2125 qui
274 2058 362 2111 minor
371 2061 414 2111 est
422 2061 490 2111 natu
498 2075 560 2111 meo
567 2057 632 2126 jure
641 2059 798 2127 respondeo.
829 2064 871 2113 33.
888 2059 987 2113 Sosav.
1009 2108 1015 2118 ‚

135 2131 221 2185 Recte
234 2137 266 2186 tu
277 2134 395 2202 quidem.
433 2134 615 2197 Quamobrem
624 2134 774 2188 audiamus.

188 2208 219 2261 X.
240 2209 324 2263 Lanu.
342 2209 448 2281 Audite¹
455 2226 528 2277 ergo,
537 2210 634 2279 optimi
643 2211 821 2279 viri,eaquae
830 2210 988 2278 saepissime

134 2282 303 2338 intermeat
316 2284 467 2353 Scipionem
479 2285 515 2339 de
528 2285 648 2341 amicitia
658 2285 881 2353 disserebantur:
894 2302 988 2353 quam-

133 2376 215 2427 quam
222 2360 268 2413 ille
276 2356 389 2427 quidem
396 2360 464 2413 nihil
471 2360 607 2415 difficilius
614 2378 675 2415 esse
681 2361 793 2416 dicebat
803 2378 883 2429 quum
896 2362 987 2415 amici-

132 2434 500 2503 tiamusqucadextremum
508 2438 662 2491 vitaediem
671 2453 839 2506 permanere.
864 2432 986 2490 Namvcl

132 2514 230 2565 utnon
242 2510 315 2564 idem
324 2511 467 2579 expediret
473 2513 594 2567 incidero
602 2530 689 2581 saepe,
699 2514 742 2566 vcl
750 2517 782 2566 ut
792 2512 828 2566 do
837 2530 867 2565 rc
878 2512 987 2580 publica

133 2602 187 2639 non
197 2586 270 2639 idem
280 2587 443 2641 sentiretur:
455 2590 556 2642 mutari
566 2589 649 2642 etiam
657 2606 746 2642 mores
755 2589 894 2642 hominum
904 2605 988 2656 saepo

133 2661 250 2727 dicebat,
264 2663 330 2717 alias
342 2663 464 2716 advorsis
476 2664 566 2730 rebus,
584 2665 651 2718 alias
665 2669 757 2719 aetate
774 2666 987 2733 ingravescente.

134 2738 229 2807 Atque
242 2755 335 2791 earum
348 2755 440 2791 rerum
452 2740 608 2807 exemplum
620 2758 654 2793 ox
667 2741 845 2794 similitudino
861 2738 986 2808 capiebat

118 2813 252 2867 'ineuntis
275 2814 382 2880 aetatis,
402 2816 476 2882 qnod
494 2816 593 2869 summi
612 2832 758 2884 puerorum
775 2832 884 2869 amores
904 2831 987 2882 saepe

133 2905 188 2943 una
199 2894 417 2958 cuin'practexta
428 2896 494 2958 toga
508 2896 690 2959 ponerentur:
706 2949 710 2959 ,
726 2898 766 2945 34.
783 2892 935 2944 sinautem
950 2890 988 2944 ad

133 2965 347 3020 adolescentiam
374 2966 576 3035 porduxissent,
601 2967 692 3020 dirimi
720 2970 813 3020 tamen
844 2966 986 3020 interdum

132 3042 306 3094 contentione
317 3041 358 3095 vel
371 3042 482 3095 uxoriae
491 3042 661 3109 conditionis,
671 3042 714 3094 vol
726 3042 859 3094 commodi
871 3039 988 3107 alicujus

134 3116 208 3185 quod
227 3116 301 3170 idem
314 3117 433 3186 'adipisci
452 3121 570 3185 uterque
588 3134 642 3170 non
661 3120 761 3187 posset.
798 3116 877 3179 Quod
896 3116 919 3167 si
939 3115 987 3181 qui

134 3192 241 3261 longius
253 3192 280 3245 in
290 3192 409 3247 amicitia
421 3196 543 3261 provecti
556 3194 655 3258 essent,
667 3195 760 3244 tamen
772 3205 854 3257 saepe
869 3187 986 3242 labefac-
