2200 3450
114 155 147 207 74
223 154 398 203 EPISTOLA
414 153 466 202 AD
483 152 656 212 QUINTUM
674 152 857 203 FRATREM.

113 232 235 289 tionibus
242 251 273 287 ao
280 233 394 302 judiciis
403 235 451 303 qui
462 250 533 286 nuno
545 236 610 286 sunt
622 232 768 300 hominum,
779 232 828 286 sed
839 233 872 286 iis
885 234 968 289 etiam

114 310 163 379 qui
174 309 260 363 futuri
273 313 351 364 siant:
371 327 536 378 quamquam
548 309 657 361 illorum
670 307 723 361 erit
735 309 825 362 verius
833 308 969 377 judicium

114 386 314 440 obtrectatione
332 391 363 441 et
381 386 571 440 malevolentia
592 384 747 440 liberatum.
783 391 824 440 44.
844 386 969 456 Denique

115 462 184 514 illud
194 462 279 516 etiam
291 462 376 516 debes
388 463 516 530 cogitare,
527 479 583 515 non
595 465 624 515 te
636 461 687 514 tibi
699 461 749 514 soli
760 463 874 530 gloriam
887 481 969 533 quae-

115 555 184 605 rere,
202 538 276 606 quod
298 538 322 591 si
340 543 420 606 esset,
439 541 532 592 tamen
550 555 605 590 uon
625 538 785 605 negligeres,
806 540 969 608 praesertim

115 631 200 682 quum
217 615 390 682 amplissimis
407 614 590 667 monumentis
602 630 759 668 consecrare
771 616 901 670 voluisses
913 633 969 669 me-

115 691 228 744 moriam
250 691 366 744 uominis
390 691 449 756 tui;
480 691 530 744 sed
554 706 587 744 ea
611 688 662 744 tibi
684 694 727 744 est
748 692 969 746 communicanda

115 783 228 834 meeum,
241 767 383 837 prodenda
395 767 488 820 liberis
500 766 611 820 nostris.
650 766 683 819 ln
697 784 750 835 quo
763 767 913 821 mvendum
926 773 994 831 est¹
1092 757 1093 764 ¹

115 860 158 908 ne,
173 844 197 896 si
210 844 391 911 negligentior
405 843 498 910 fueris,
517 859 572 896 non
587 842 674 896 solum
690 842 742 897 tibi
759 860 857 913 parum
874 860 969 898 oonsu-

77 971 81 978 ,
115 916 198 973 luisse
210 920 260 973 sed
272 919 357 973 etiam
368 920 424 974 tuis
436 919 567 972 invidisse
579 920 703 973 videaris

168 995 248 1049 XVI.
265 1001 307 1050 45.
328 998 422 1064 Atque
438 996 506 1050 haec
522 1013 576 1048 nou
593 1013 625 1049 eo
642 996 771 1050 dicuntur
784 999 817 1051 ut
833 1000 863 1051 te
882 998 969 1052 oratio

115 1088 177 1125 mea
188 1070 370 1126 dormientem
383 1073 516 1126 excitasse
528 1072 578 1125 sed
590 1073 682 1141 potius
693 1075 725 1125 ut
736 1076 892 1126 ouri-entem
904 1073 969 1125 inei-

115 1152 189 1202 tasse
206 1149 339 1204 videatur.
379 1148 474 1203 Facies
492 1148 565 1201 enim
582 1152 716 1218 perpetuo
734 1165 805 1217 quae
822 1149 918 1216 fecisti,
937 1161 968 1202 ut

114 1241 209 1278 omnes
238 1225 406 1294 aequitatem
431 1229 515 1293 tuam,
540 1226 760 1294 temperantiam,
786 1225 968 1292 severitatem,

116 1301 359 1370 integritatemque
370 1302 492 1356 laudent
527 1303 583 1356 Sed
595 1319 639 1356 me
651 1302 787 1371 quaedum
799 1304 878 1355 tenet
890 1319 969 1370 prop

117 1381 160 1430 ter
174 1378 339 1446 singularem
357 1396 478 1432 amorem
495 1379 604 1432 infinita
623 1379 651 1431 in
667 1381 696 1432 te
716 1379 834 1432 aviditas
850 1379 968 1445 gloriae:

7 1488 8 1521 3
116 1470 282 1521 quamquam
297 1455 365 1508 illud
382 1455 515 1521 existimo,
529 1471 614 1524 quum
623 1454 682 1522 jam
695 1455 747 1509 tibi
760 1455 829 1508 Asia
841 1455 911 1507 sieut
922 1455 969 1507 uni

116 1529 215 1597 cuique
227 1530 382 1584 suademus
394 1535 461 1585 nota
472 1548 533 1585 esse
545 1530 655 1599 debeat,
665 1547 750 1600 quum
761 1531 797 1584 ad
810 1534 886 1583 tuam
898 1547 969 1584 sum-

118 1621 189 1658 mam
201 1605 376 1673 prudentiam
389 1611 484 1661 tantus
496 1623 562 1661 usus
574 1607 726 1674 secesserit,
739 1606 806 1658 nihil
823 1607 969 1676 essequod

117 1682 154 1735 ad
171 1682 279 1738 laudem
297 1683 415 1738 attineat
434 1683 509 1754 qnod
529 1701 582 1738 non
600 1686 632 1737 tu
650 1683 753 1753 optime
773 1683 922 1754 perspicias
941 1687 970 1739 et

116 1757 169 1812 tibi
186 1776 241 1812 non
258 1760 317 1813 sine
338 1760 499 1829 cujusquam
519 1761 676 1814 hortatione
694 1760 722 1813 in
740 1765 861 1814 mentem
878 1761 970 1815 veniat

116 1835 248 1903 quetidie
279 1835 335 1888 Sed
347 1853 397 1903 ego
410 1836 465 1904 qui,
477 1853 562 1904 quum
575 1841 624 1890 tua
635 1837 704 1904 lego,
717 1840 746 1890 te
758 1837 860 1905 andire,
873 1842 902 1892 et
914 1839 969 1906 qui,

117 1928 202 1979 quum
219 1910 256 1964 ad
273 1914 303 1965 te
322 1912 526 1979 seribostooum
543 1912 619 1982 loqui
637 1912 740 1980 videor,
758 1912 860 1967 ideireo
878 1918 908 1968 et
921 1918 970 1968 tua

117 1987 274 2055 longissima
290 2005 398 2057 quaque
416 1989 531 2058 epistola
548 1990 666 2043 maxime
684 1989 807 2043 delector
821 1994 850 2043 ot
866 1992 924 2061 ipso
941 1991 969 2044 in

8 2121 9 2128 ἵ
118 2064 261 2117 scribendo
274 2081 334 2118 sum
344 2082 425 2133 saepo
438 2066 547 2134 longior.
585 2071 626 2121 46.
640 2066 714 2119 Illud
727 2070 755 2120 to
767 2066 803 2119 ad
816 2071 970 2121 extremum

8 2187 9 2196 ,
118 2143 149 2193 et
160 2144 249 2197 oroet
259 2140 356 2196 hortor
368 2145 408 2208 ut,
421 2145 561 2211 tamquam
576 2146 674 2213 poetae
686 2142 751 2196 boni
767 2148 796 2196 et
810 2147 917 2197 actores
930 2146 970 2197 in-

8 2227 9 2230 ’
118 2216 219 2269 dustrii
235 2216 332 2284 solent,
353 2217 391 2271 sio
410 2221 442 2271 tu
458 2218 487 2272 in
507 2223 633 2273 extrema
653 2224 732 2290 parte
752 2223 781 2273 et
799 2220 970 2275 conclusione

119 2292 240 2347 muueris
255 2310 287 2348 ao
298 2294 401 2362 negotii
412 2296 454 2349 tui
467 2296 692 2364 diligentissimus
709 2297 753 2363 sis,
767 2299 798 2349 ut
814 2296 858 2350 hie
870 2297 970 2350 tertius

120 2384 206 2422 annus
217 2370 325 2439 imperii
336 2371 385 2437 tui,
395 2374 536 2442 tamquam
545 2373 647 2428 tertius
659 2377 736 2427 aetus
737 2372 971 2443 ‚perfectissimus

120 2448 204 2512 atque
218 2446 406 2501 ornatissimus
418 2448 502 2503 fuisse
514 2451 648 2506 videatur.
685 2450 721 2503 Id
739 2451 866 2505 facillime
880 2450 970 2515 facies,

119 2520 144 2572 si
161 2537 213 2587 me,
231 2521 274 2574 oui
297 2540 406 2591 semper
430 2526 477 2577 uni
496 2530 584 2595 magis
603 2546 685 2599 quam
706 2530 841 2585 universis
865 2529 972 2598 plaeere

121 2596 239 2663 voluisti,
250 2602 341 2652 tecum
353 2616 463 2668 semper
474 2618 534 2655 esse
545 2604 663 2671 putabis,
671 2609 700 2658 et
709 2606 860 2660 omnibus'
843 2624 877 2659 us
889 2602 971 2657 rebus

122 2690 190 2740 quas
203 2672 277 2727 dices
289 2690 321 2726 ae
334 2674 417 2727 facies
428 2675 569 2732 interesse.
598 2680 744 2748 Reliquum
757 2684 800 2734 est
811 2686 843 2735 ut
855 2685 884 2735 te
897 2696 971 2733 orem

121 2755 154 2802 ut
171 2749 323 2802 valetudini
338 2752 409 2816 tuae,
425 2751 448 2803 si
463 2769 507 2805 mo
523 2757 552 2807 et
566 2757 628 2808 tuos
642 2770 737 2809 omnes
748 2756 876 2811 valere
851 2774 898 2819 vis,
912 2755 972 2808 dili-

122 2825 282 2892 gentissime
293 2824 402 2879 servias
440 2826 518 2882 Vale.
