2200 3450
235 162 409 209 EPlS'POLA
425 163 478 210 AD
494 163 668 220 QUINTUM
687 163 869 211 FRATREM.
948 167 977 212 fl

126 240 195 296 bene
211 241 341 295 audiendi
353 243 489 310 excitaris,
503 259 558 296 non
575 246 606 297 ut
620 260 682 296 eum
700 243 760 297 aliis
777 243 826 297 sed
840 247 873 298 ut
888 247 979 298 tecum

102 383 105 387 Α
122 317 181 384 jam
197 317 256 386 ipse
271 322 378 383 eertes;
394 319 417 371 si
433 335 542 372 omnem
556 322 633 372 tuam
649 324 777 389 mentem,
793 336 892 386 emam,
908 321 980 388 eogi-

125 394 257 447 tationem
288 394 325 446 ad
355 394 534 448 excellentem
567 396 595 448 in
625 396 749 448 omnibus
781 396 863 450 rebus
891 396 981 449 laudis

125 469 304 537 cupiditatem
329 470 458 538 incitaris,
477 472 544 523 mihi
566 472 655 537 erede,
672 489 743 524 unus
763 488 850 524 annus
868 472 980 525 additus

126 544 212 598 labori
228 549 277 598 tuo
293 545 441 599 multorum
458 563 590 599 annorum
606 546 741 600 laetitiam
760 547 846 614 nobie,
865 547 980 615 gloriam

125 637 190 674 vero
202 621 287 674 etiam
302 621 420 689 posteris
437 622 537 674 uostris
554 622 660 676 afferet.
698 629 720 674 4.
741 623 914 690 Quapropter
929 622 980 676 hoe

125 699 155 751 t'e
166 698 284 765 primum
297 714 363 765 rogo
374 714 409 750 ne
422 698 567 750 contrahas
580 714 611 752 ae
623 698 755 752 demittas
767 699 895 766 animum,
910 715 980 752 neve

125 777 154 826 te
166 773 244 826 obrui
257 778 396 842 tamquam
413 773 497 826 fluctu
513 774 552 828 sie
568 775 757 842 magnitudine
774 775 877 842 negotii
895 776 981 830 sinas3

126 853 276 978 contraque
293 850 382 916 erigas
398 866 430 902 ae
448 850 561 903 resistas
582 851 638 903 sive
658 855 688 904 e
676 851 741 904 iam
760 851 833 904 ultro
855 868 981 904 occurres

126 926 251 1013 negotiis.
286 926 384 994 Neque
406 925 477 979 errim
501 926 636 994 ejusmodi
660 930 723 1015 part
725 944 768 980 em
792 926 832 980 rei
855 927 981 995 publicae

125 1002 197 1068 geris
209 1002 237 1054 in
255 1018 309 1070 qua
328 1001 438 1054 fortuna
457 1001 579 1056 dominet
567 1007 620 1069 tur,
640 1002 717 1056 sed
710 1020 738 1055 m
759 1020 814 1072 qua
834 1003 979 1076 plurimum

126 1078 197 1130 ratio
209 1078 296 1146 possit
307 1081 337 1131 et
353 1077 504 1145 diligentia.
542 1044 660 1143 Queri
639 1096 662 1131 sl
678 1069 730 1132 tibi
750 1079 851 1133 bellum
869 1080 980 1148 aliquod

127 1170 255 1241 magnum
273 1157 302 1207 et
318 1153 499 1222 periculosum
515 1154 719 1208 administranti
736 1156 939 1225 prorogatum'
932 1173 980 1208 ιιιι-

126 1229 232 1297 perium
244 1228 374 1295 viderem,
384 1233 531 1284 tremerem
543 1232 642 1298 anime,
655 1233 730 1299 quod
743 1231 839 1284 eodem
855 1235 981 1299 tempore

126 1321 186 1358 esse
213 1305 395 1372 intelligerem
420 1306 503 1359 etiam
531 1306 657 1360 fortunae
683 1310 848 1376 potestatem
876 1307 904 1360 in
932 1324 981 1360 uos

125 1385 306 1450 prorogatam.
342 1387 366 1435 5.
384 1381 465 1434 Νιιιιο
485 1398 550 1435 ιοιο
574 1399 606 1435 ea
629 1398 692 1450 pars
716 1383 768 1435 tibi
792 1383 833 1435 rei
856 1383 980 1451 publicae

125 1457 269 1511 commisse
281 1459 324 1510 est
336 1456 364 1510 in
373 1474 429 1525 qua
439 1460 488 1510 aut
500 1457 602 1510 nullam
614 1461 662 1511 aut
678 1458 855 1526 perexiguam
872 1463 980 1527 partem

125 1533 234 1587 fortuna
251 1528 337 1600 tenet,
347 1535 377 1586 et
389 1549 460 1601 quae
471 1533 538 1586 mihi
549 1533 628 1586 tota'
620 1551 647 1586 ιιι
665 1537 714 1587 tua
732 1534 835 1586 uirtute
846 1551 877 1587 ae
890 1535 980 1588 mode

125 1609 232 1663 ratione
249 1608 331 1662 animi
347 1609 437 1676 posita
455 1626 516 1663 esse
535 1608 629 1662 videat
617 1612 670 1662 tur,
706 1609 861 1676 Nullas‚ut
829 1611 980 1678 ιιοριιιοι,

126 1685 238 1740 insidias
258 1685 328 1740 host
308 1690 384 1775 trum,
408 1685 510 1739 nullam
528 1685 637 1756 praelii
649 1685 858 1756 dimicationem,
879 1687 979 1741 nullam

126 1763 306 1816 defectionem
319 1762 460 1831 sociorum,
471 1763 597 1817 nullam'
590 1763 708 1831 mopiam
725 1730 858 1831 stipendii
875 1768 923 1818 aut
939 1764 978 1817 rei

126 1832 329 1906 frfrmentariae,
350 1838 452 1891 nullam
474 1839 637 1893 seditionem
658 1839 795 1893 exercitus
812 1840 980 1909 pertimesci-

127 1932 202 1980 mus;
222 1933 293 1984 quae
311 1932 442 1984 persaepe
458 1916 667 1984 sapientissimis
686 1915 752 1968 viris
771 1916 929 1969 aeciderunt
940 1920 979 1983 ut,

127 1992 357 2059 quemadmodum
379 1992 578 2059 gubematores
598 1992 694 2060 optimi
719 1993 774 2045 vim
797 1986 979 2060 tempestatis,

128 2068 167 2120 sic
184 2068 223 2121 illi
240 2069 366 2123 fortunae
386 2069 519 2137 impetum
538 2084 667 2136 superare
689 2084 742 2120 non
761 2071 879 2136 possent.
920 2067 980 2120 Tibi

127 2143 194 2197 (lata
202 2149 245 2198 est
256 2161 362 2198 summa
372 2162 433 2214 pax,
451 2161 557 2198 summa
573 2144 764 2212 tranquillitas,
781 2144 821 2196 ita
836 2148 928 2197 tamen
949 2146 981 2197 ut

128 2236 161 2272 ea
180 2220 361 2288 dormientem
385 2221 597 2287 gubernatorem
617 2219 660 2271 uel
681 2218 804 2285 obruere,
823 2219 981 2285 vigilantem
1008 2278 1014 2287 ,

128 2295 211 2349 etiam
232 2295 370 2349 delectare
388 2296 482 2363 possit.
517 2302 541 2348 6.
567 2295 682 2347 Constat
701 2294 772 2346 enirn
794 2308 826 2345 ea
844 2293 982 2359 provincia

127 2371 246 2441 primum
262 2388 297 2424 ex
314 2387 346 2423 eo
362 2386 464 2436 genere
483 2370 618 2423 sociorum
635 2368 709 2436 qnod
729 2371 773 2421 est
788 2385 823 2421 ex
842 2367 980 2420 hominurn

127 2448 200 2500 οιιιιιι
223 2463 324 2513 genere
348 2445 588 2499 humanissimum:
621 2444 721 2498 deinde
752 2460 786 2497 cx
818 2460 850 2497 eo
881 2460 982 2511 genere

127 2523 298 2590 civiun1‚qui
310 2525 358 2575 aut
370 2520 444 2589 quod
456 2520 592 2589 publicani
608 2524 672 2573 sunt
683 2537 733 2573 nos
749 2535 854 2573 summa
865 2520 981 2573 necessi-

127 2600 224 2655 tudine
236 2598 386 2665 attingunt,
398 2600 447 2650 aut
464 2596 573 2665 quodt
550 2614 560 2649 1
574 2601 685 2664 anegot
686 2598 744 2650 iant
745 2614 778 2650 ur
787 2600 819 2650 ut
830 2596 980 2665 locupletes

128 2678 183 2729 sint
207 2679 269 2729 nost
269 2674 294 2727 ιι
257 2673 472 2729 tcousulatus
496 2672 628 2727 beneficio
648 2690 677 2726 se
693 2674 842 2727 incolumes
857 2672 981 2726 fortunas

128 2753 154 2804 ln
155 2752 231 2805 abere
243 2751 420 2805 arbitrantur

182 2829 269 2885 ΙΙ.7.
296 2829 336 2881 At
364 2827 435 2880 enim
460 2825 533 2879 inter
557 2826 634 2879 hos'
627 2842 700 2913 ipsos
725 2826 862 2879 exsistunt
884 2840 982 2891 graves

128 2905 336 2972 controuersiae,
355 2903 458 2957 multae
477 2903 652 2955 nascuntur
644 2902 769 2969 injuriae,
789 2917 904 2969 magnae
923 2917 983 2954 eon-

128 2982 266 3035 tentiones
278 2984 489 3049 eonscquuntur.
525 2977 608 3042 Quasi
624 2995 689 3031 vero
706 2995 756 3045 ege
773 2978 803 3031 id
818 2981 913 3061 putem
929 2992 983 3028 non

130 3063 160 3113 te
171 3058 342 3123 aliquantum
357 3054 460 3123 negotii
480 3055 622 3108 sustinere.
661 3054 707 3107 Int
695 3054 788 3121 telligo
806 3042 983 3121 permagnum

131 3151 191 3188 esee
204 3132 344 3198 negotium
356 3135 385 3185 et
397 3132 509 3184 maximr
500 3129 644 3193 eonsilii;
662 3130 710 3183 sed
724 3133 862 3183 memento
881 3127 983 3180 consilii

131 3227 177 3264 mo
192 3209 245 3261 hoo
262 3223 322 3260 esse
339 3207 478 3275 negotium
496 3206 583 3274 magis
602 3206 740 3273 aliquauto
760 3220 842 3272 quam
859 3202 985 3255 fortunae

184 3293 198 3333 ιι
