2200 3450
113 171 144 219 36
344 166 382 216 M.
400 164 526 217 TULLII
548 161 739 212 CICERONIS

113 249 187 304 nullo
199 249 257 302 loco
267 245 438 301 excluditur:
456 260 594 314 nunquam
613 239 812 310 intempestiva,
828 253 967 305 nusquam

113 329 228 371 rimicsta
246 325 304 372 est:
321 318 415 384 itaque
433 333 486 369 non
505 332 583 383 aqua.
601 331 653 366 non
671 313 737 381 igni,
753 316 786 365 ut
803 312 887 376 aima,
900 314 967 362 rosis

113 395 237 461 pluribus
260 395 363 446 utimur
385 409 466 459 quam
489 392 616 444 amicitis.
651 390 758 457 b'eque·
772 404 824 454 ego
841 404 913 439 nunc
931 386 967 438 de

114 471 215 537 sirlgari
228 471 275 522 aut
288 467 323 520 do
334 465 473 541 mediocri,
486 481 557 532 quae
569 467 662 518 tamen
680 464 740 532 ipsa
758 467 788 518 et
804 464 924 518 delectat
935 468 966 519 et

111 545 232 614 prodest,
258 543 307 597 sed
325 543 361 596 do
375 558 444 600 ¹rara
457 549 491 606 ,et
502 541 624 609 perfecta
641 539 738 608 loquor
760 540 848 608 qualis
870 557 964 593 eorum

112 622 158 687 qui
186 621 264 688 pauci
289 619 462 672 nominantur
489 616 548 670 fuit.
603 616 675 668 Nam
703 618 733 668 et
760 617 893 668 secundas
914 631 966 670 res

112 696 310 763 splendidiores
327 695 393 746 lacit
412 692 540 760 amicitia,
559 694 589 746 et
604 691 734 745 aslversas
752 693 875 759 partiens
893 709 965 746 com-

111 773 304 839 munieansque
317 769 439 822 leviores.

168 847 236 900 Vll.
262 851 303 898 23.
332 845 477 912 Quumque
494 843 624 910 plurimas
643 846 673 898 et
695 843 827 896 maximas
848 860 965 898 commo-

111 922 215 976 ditates
235 921 354 974 amicitia
372 922 516 992 contincgt.¹
538 923 598 972 tum
619 919 666 972 illa
689 919 817 972 nimirum
841 924 964 988 praestat

111 997 237 1050 omnibus
266 995 340 1064 quod
363 995 435 1048 bona
459 1013 506 1063 spo
530 995 672 1062 praelucet
694 995 722 1048 in
745 999 886 1063 posterum
913 1014 965 1051 nec

18 1115 22 1124 .
112 1072 249 1125 debilitari
273 1072 381 1124 animos
406 1075 455 1123 arat
475 1071 575 1124 caetere
597 1070 709 1139 patitur.
758 1071 861 1124 Verum
891 1073 963 1125 enim

112 1148 230 1202 amicum
247 1147 293 1215 qui
315 1147 446 1212 intuetur,
471 1152 611 1213 tamquam
632 1147 785 1216 exemplar·
796 1146 908 1215 aliquod
925 1148 964 1202 in·

112 1227 205 1276 tuetur
225 1224 273 1276 sui.
310 1223 441 1286 Quocirca
464 1227 493 1275 ct
517 1222 645 1276 absentes
672 1223 774 1276 adsunt
797 1227 828 1276 et
851 1227 964 1290 egentes

111 1297 251 1352 abundant
268 1303 297 1353 et
316 1299 443 1352 imbecilli
461 1297 560 1364 valent,
580 1301 617 1364 et,
639 1298 714 1366 quod
732 1298 867 1352 difficilius
887 1300 963 1353 dictu
1043 1358 1047 1364 ,

111 1375 269 1439 cst‚1nortui
283 1375 392 1439 vivrmt3
410 1377 504 1427 tantus
523 1390 570 1427 eos
588 1372 680 1442 honos,
699 1375 836 1443 memoria,
855 1374 962 1429 deside

111 1451 182 1503 rium
209 1451 385 1520 prosequitur
409 1451 565 1504 amicorum.
602 1451 646 1502 lix
670 1466 724 1517 quo
749 1450 858 1503 illorum
881 1451 963 1506 beata

111 1542 184 1580 mors
196 1527 312 1595 videtur,
324 1527 421 1580 horum
438 1527 495 1580 vita
506 1524 658 1579 laudabilis.
694 1526 774 1590 Quod
789 1526 812 1580 si
827 1528 961 1582 exemeris

112 1618 144 1655 ex
175 1619 268 1657 rerum
301 1606 399 1656 natura
429 1601 634 1656 benevolentiae
661 1601 886 1670 conjunctionem,
911 1620 962 1658 noc

112 1678 208 1733 domus
231 1679 293 1732 ulla·
309 1695 360 1733 nec
383 1677 449 1732 urbs
470 1682 543 1733 stare
565 1677 686 1747 poterit3
707 1694 742 1731 ue
765 1678 825 1747 agri
849 1679 960 1749 quidem

112 1755 202 1808 cultus
228 1755 405 1823 permanebit.
448 1755 483 1809 Id
502 1755 525 1808 si
551 1756 640 1807 minus
668 1754 837 1821 intelligitur,
858 1761 961 1824 quanta

111 1830 153 1883 vis
169 1831 303 1883 amicitiae
318 1832 532 1898 concordiaeque
548 1831 585 1884 sit
597 1847 631 1883 cx
644 1830 859 1883 dissensionibus
877 1835 961 1900 atque

113 1905 255 1959 discordiis
271 1907 373 1974 perc'pi
390 1910 490 1974 potest.
528 1907 605 1969 Quae
623 1907 695 1959 enim
714 1906 811 1959 domus
830 1909 887 1959 tam
906 1912 960 1961 sta·

112 1981 182 2047 bilis,
197 1999 267 2049 quac
279 1986 335 2035 tarn
348 1983 427 2035 firma
443 1982 538 2035 civitas
556 1985 606 2048 est,
625 1999 696 2050 quae
714 1989 768 2034 nori
788 1982 858 2034 odiis
876 1987 959 2051 atque

110 2057 231 2111 discidiis
244 2058 368 2111 funditus
384 2058 471 2126 possit
486 2058 593 2111 evertit
613 2074 646 2110 ex
668 2074 723 2126 quo
744 2062 876 2125 quantum
895 2058 958 2111 boni

108 2134 145 2186 sit
172 2134 199 2186 in
229 2134 348 2187 anricitia
382 2133 502 2202 judicari
536 2137 634 2201 potest.
679 2139 720 2186 24.
747 2134 958 2201 Agrigentinum

106 2208 217 2279 quidem
239 2210 350 2263 doctum
375 2209 511 2279 quendam
536 2210 624 2263 virrmr
654 2209 819 2262 carminibus
847 2208 958 2264 Graecis

40 2302 43 2313 ·
107 2286 281 2340 vaticinatum
293 2287 392 2353 ferunt,
401 2302 471 2353 quae
479 2286 508 2338 in
515 2302 608 2339 rerum
617 2290 716 2339 natura
732 2289 846 2353 totoque
857 2287 958 2340 mundo

106 2366 262 2416 constarent
284 2378 409 2431 quaeque
432 2365 616 2433 inmergitur,
633 2378 666 2414 ea
682 2365 765 2415 contra
777 2361 843 2415 here
867 2362 958 2415 amici-

105 2438 179 2503 tiam,
195 2439 328 2505 dissipare
346 2437 516 2491 discordiam.
555 2439 649 2505 Atque
665 2437 716 2490 hoc
737 2436 849 2505 quidem
864 2454 958 2491 omnes

107 2514 234 2567 irrortalcs
247 2518 275 2567 ct
293 2514 449 2581 intelligunt
461 2518 490 2567 ct
502 2531 533 2567 rc
545 2512 671 2582 probant.
708 2514 808 2581 Itaque
817 2513 840 2566 si
849 2513 957 2581 quando

105 2591 217 2658 aliquod
230 2590 346 2643 officium
363 2591 472 2643 exstitit
484 2590 563 2643 amici
575 2590 603 2642 in
616 2589 744 2657 periculis
757 2593 806 2642 aut
824 2588 964 2643 adeundis

104 2670 152 2719 aut
169 2666 404 2737 communicandis,
417 2668 479 2735 quis
497 2672 540 2721 est
553 2666 642 2734 quiid
655 2684 709 2719 non
721 2666 847 2718 maximis
861 2665 958 2720 efferat

105 2742 253 2797 laudibus?
291 2743 344 2808 Qui
359 2742 490 2796 clamores
508 2747 568 2797 tota
585 2758 668 2795 mvea
686 2758 774 2809 nuper
792 2742 821 2793 in
841 2740 957 2809 hospitis
980 2744 985 2751 '

106 2821 135 2870 et
154 2819 233 2871 amici
247 2820 301 2871 mei
317 2819 353 2872 M.
367 2818 476 2871 Pacuvii
493 2835 563 2871 nova
578 2818 688 2880 fabula;
709 2834 793 2885 quum
814 2817 957 2885 ignorante

105 2910 170 2961 rege
192 2898 255 2947 utcr
276 2891 391 2966 [corum]
414 2895 488 2947 esset
508 2893 629 2962 Orestes,
643 2894 760 2962 Pylades
781 2894 907 2947 Orestem
926 2909 956 2947 se

105 2986 164 3023 esse
184 2970 297 3038 diceret,
309 2973 342 3023 ut
353 2986 403 3039 pro
422 2968 469 3022 illo
488 2973 651 3034 necaretur;
671 2971 785 3023 Orestes
804 2972 905 3036 autem,
917 2968 958 3023 ita

63 3103 66 3110 ,
105 3054 136 3098 ut
157 3050 225 3113 erat,
244 3045 371 3100 Orestem
391 3062 420 3099 se
439 3060 500 3099 esse
518 3049 715 3113 perseveraret.
751 3044 865 3099 Stantes
880 3043 956 3113 plau-

19 3166 22 3171 .
105 3121 207 3176 debant
226 3121 255 3175 in
274 3140 304 3175 re
325 3121 404 3175 ficta:
427 3119 495 3189 quid
517 3118 683 3172 arbitramur
706 3119 733 3170 in
752 3135 818 3172 sera
836 3119 957 3180 facturos

104 3195 208 3253 funes
244 3198 335 3252 Facile
348 3194 487 3252 imlicabat
504 3194 564 3261 ipsa
577 3199 675 3245 natura
693 3194 746 3245 vim
765 3210 850 3261 snam,
870 3212 956 3263 quum
