2200 3450
342 176 393 224 AD
411 173 583 235 QUINTUM
602 174 784 224 FRATREM,
962 180 992 225 65

140 259 206 327 ipsis
224 257 370 324 diligenter
387 256 524 310 cavendae
541 261 606 310 sunt
627 256 764 325 quaedam
784 256 993 323 familiaritates,

140 337 249 401 practer
274 332 413 385 hominum
438 333 644 400 perpaucorum,
674 333 697 385 si
727 332 775 401 qui
805 336 869 386 sunt
897 335 992 386 vetere

141 409 255 464 Graecia
267 408 350 476 digni
386 407 431 462 sic
442 425 506 461 vero
518 409 628 462 fallaces
645 412 710 461 sunt
725 408 856 477 permulti
873 412 902 462 et
918 409 992 462 leves

139 489 169 540 et
180 485 310 539 diuturna
321 485 454 539 servitute
470 485 506 538 ad
521 485 633 538 nimiam
650 485 863 540 assentationem
874 486 989 539 'erudiit

140 562 214 627 Quos
225 578 276 629 ego
287 562 428 615 universos
439 560 565 614 adhiberi
577 561 738 631 liberaliter,
752 561 884 630 optimum
897 579 991 631 quem-

138 714 337 768 iamiliaritates
353 730 447 767 eorum
464 730 554 782 neque
571 718 628 767 tarn
645 714 741 768 fideles
757 718 828 782 sunt,
846 730 900 767 non
918 714 991 766 enim
1021 725 1027 736 ·

137 791 241 844 audent
251 790 390 844 adversari
402 790 503 844 nostris
514 789 708 858 voluntatibus,
721 794 751 844 et
762 789 850 860 [vero]
866 789 991 843 invident

138 884 191 921 uon
202 867 304 920 nostris
317 867 405 921 solum
416 884 512 920 verum
524 867 608 921 etiarn
621 867 684 920 suis.

190 943 240 996 VI.
260 948 299 1000 17.
317 943 336 994 J
337 959 382 996 am
394 943 441 1011 qui
453 944 482 995 in
494 941 629 1011 ejusmodi
641 943 724 998 rebus
736 943 763 996 in
776 943 875 1012 quibus
895 959 992 997 vercor

137 1019 220 1072 ctiam
233 1036 270 1072 ne
284 1018 378 1072 durior
392 1020 443 1071 sim
460 1022 556 1072 cautus
573 1036 632 1074 csse
648 1020 730 1073 velim
746 1037 778 1072 ac
794 1019 919 1089 diligens,
936 1037 990 1088 quo

137 1112 182 1148 me
199 1096 289 1149 aninlo
310 1096 338 1148 in
359 1096 444 1149 servis
466 1112 525 1149 esse
540 1098 661 1150 'censesl
683 1111 751 1165 quos
772 1097 884 1164 quidem
906 1113 989 1165 quum

136 1171 262 1224 omnibus
282 1170 311 1223 in
332 1171 398 1225 loeis
421 1175 481 1224 tum
504 1173 650 1240 praecipue
674 1172 703 1225 in
726 1173 872 1240 provinciis
895 1189 991 1240 regere

137 1247 276 1302 debemus.
312 1247 424 1312 Quodc
437 1265 539 1315 genere
554 1249 642 1302 multa
658 1249 778 1316 praecipi
794 1250 926 1319 possunt;
942 1247 991 1301 sed

137 1323 188 1378 hoc
199 1327 228 1378 ct
241 1323 430 1378 brevissimum
445 1327 488 1377 est
502 1327 531 1378 et
544 1324 673 1378 facillime
687 1325 776 1378 tenori
790 1327 892 1393 potest,
905 1327 938 1377 ut
951 1323 991 1376 ita

77 1435 79 1438 ψ
137 1415 167 1452 se
183 1404 282 1467 gerant
299 1399 328 1452 in
345 1400 406 1452 istis
424 1399 555 1454 Asiaticis
572 1401 716 1454 itineribus
734 1405 766 1455 ut
783 1401 807 1454 si
826 1400 880 1453 iter
898 1400 991 1468 Appia

136 1475 181 1528 ria
203 1477 314 1542 faceres,
340 1492 414 1530 neve·
435 1476 568 1530 interesse
596 1477 746 1545 quidquam
771 1479 872 1545 putent
898 1475 1001 1530 utrum'

137 1552 233 1606 'l'rallis
250 1552 425 1606 anFormias
441 1553 573 1606 venerint.
611 1555 654 1606 Ac
670 1553 693 1606 si
710 1553 772 1622 quis
790 1555 833 1606 est
851 1569 887 1606 cx
905 1552 991 1606 servis

137 1629 247 1696 egregio
258 1628 355 1697 fidelis,
366 1629 403 1682 sit
414 1628 443 1681 ln
456 1629 612 1682 domesticis
628 1629 710 1682 rebus
727 1633 756 1682 et
771 1628 903 1698 privatis:
920 1645 990 1696 quae

137 1721 180 1758 res
193 1704 229 1758 ad
240 1704 356 1759 officium
368 1703 474 1773 imperii
487 1705 530 1759 tui
541 1708 626 1775 atque
642 1705 678 1759 ad
691 1705 810 1775 aliquem
827 1707 934 1775 partem
950 1705 991 1759 rei

136 1781 260 1849 publicae
283 1782 468 1851 pertinebunt,
493 1781 528 1835 do
552 1782 587 1835 iis
610 1782 692 1836 rebus
716 1799 752 1836 ne
775 1781 844 1851 quid
864 1781 990 1849 attingat.

137 1856 226 1911 Multa
238 1857 311 1911 enim
323 1874 394 1926 quae
404 1861 479 1911 recte
491 1858 626 1911 committi
637 1857 722 1911 servis
731 1856 859 1911 fidelibus
867 1860 989 1926 possunt,

136 1936 229 1987 tamen
246 1934 377 1987 sermonis
395 1936 424 1987 et
442 1933 650 2003 vituperationis
669 1935 796 1988 utendae
817 1950 898 1988 causa
918 1927 989 1987 com-

136 2009 273 2063 mittenda
283 2027 336 2063 uon
349 2014 420 2064 sunt.
458 2016 498 2065 18.
518 2010 574 2064 Sed
586 2011 678 2064 nescio
695 2027 748 2078 quo
765 2015 845 2079 pacto
861 2010 898 2063 ad
913 2026 990 2079 prae·

136 2085 254 2154 cipieudi
266 2087 399 2141 rationem
411 2086 523 2155 delapsa
535 2091 579 2141 cst
593 2086 681 2140 irratio
696 2104 764 2154 mea,
779 2104 864 2155 quum
879 2086 909 2139 id
923 2083 990 2139 mihi

136 2163 304 2252 propositum
316 2164 395 2216 initio
407 2180 462 2216 non
474 2163 578 2216 fuisset
560 2162 689 2227 tQuid
701 2162 773 2217 enim
787 2163 813 2215 ei
827 2162 990 2230 praecipiam

137 2255 218 2305 quem
230 2256 282 2306 ego
293 2240 322 2291 in
334 2239 385 2293 hoc
397 2238 562 2307 praesertim
573 2255 674 2307 genere
683 2238 834 2305 intelligam
845 2237 992 2305 prudentia

136 2330 189 2366 non
213 2331 273 2367 csse
293 2314 450 2367 inferiorem
471 2331 553 2401 quam
574 2331 626 2381 mc,
647 2330 697 2365 usu
720 2329 784 2366 vcro
807 2313 890 2365 etiam
912 2328 991 2379 supa

136 2390 255 2442 rioreml
292 2389 347 2442 Sed
365 2370 458 2443 tamen
476 2390 499 2441 si
517 2389 554 2441 ad
572 2406 605 2441 ea
627 2405 696 2455 quae
717 2388 822 2441 faceres
843 2404 893 2441 auc
894 2386 990 2441 toritas

136 2464 279 2517 accederet
299 2480 367 2532 mea,
390 2464 474 2518 tibi
466 2481 527 2533 apsa
549 2464 598 2517 illa
621 2464 715 2532 putavi
738 2465 797 2517 fore
818 2462 991 2551 jucundiora.

138 2539 227 2602 Quare
240 2539 296 2593 sint
307 2539 375 2593 haec
383 2540 561 2594 tundamenta
570 2539 713 2607 dignitatis
722 2543 787 2594 tuae
798 2542 863 2605 ;tua
872 2538 991 2607 primum
1097 2514 1098 2521 ἵ

135 2615 283 2683 integritas
306 2620 335 2669 et
358 2615 542 2671 continentia:
568 2615 668 2687 deindo
690 2615 809 2670 omnium
832 2616 879 2683 qui
899 2620 992 2669 tecum

135 2695 199 2745 sunt
211 2692 316 2760 pudor:
329 2692 452 2745 delectus
463 2692 492 2744 in
504 2690 737 2747 familiaritatibus
747 2695 776 2746 ct
785 2691 991 2761 provincialium
1097 2716 1098 2719 ¹

135 2766 274 2822 hominmn
288 2770 318 2822 et
332 2768 499 2821 Graecorum
512 2772 661 2838 percautus
676 2772 705 2823 et
720 2769 855 2835 diligens:
872 2767 990 2822 familiae
1054 2778 1056 2782 ’

136 2843 226 2909 gravis
243 2847 274 2898 et
289 2844 414 2900 constans
432 2844 582 2914 disciplina.
621 2851 660 2899 19.
679 2846 755 2909 Quae
774 2861 859 2913 quum
877 2843 992 2897 honesta

136 2918 191 2972 sint
213 2921 242 2973 iu
264 2920 308 2974 his
328 2922 443 2990 privatis
463 2922 565 2976 nostris
587 2921 810 2990 quotidianisque
831 2918 990 2987 rationibus,

134 2993 247 3048 intanto
255 2997 442 3065 imperiqtam
451 2998 608 3067 depravatis
616 2996 744 3063 moribus,
754 3000 811 3050 tam
822 2994 990 3062 corruptrice

135 3070 277 3136 provincia,
289 3072 381 3127 divina
393 3073 540 3127 videantur
550 3089 661 3127 necesse
676 3076 726 3128 cst.
762 3073 840 3125 Haec
852 3070 990 3124 institutio

135 3152 219 3213 atquc
232 3147 298 3200 hacc
310 3148 452 3217 disciplina
460 3151 553 3217 potest
562 3148 696 3201 sustinere
704 3149 733 3201 in
742 3147 825 3200 rebus
835 3144 989 3199 statuendis

135 3226 165 3275 et
177 3222 356 3276 decernendis
367 3240 426 3277 eam
440 3224 615 3279 severitatem
628 3227 725 3291 quatu
737 3223 765 3275 in
777 3222 811 3275 iis
819 3220 915 3300 ‘rebam'
921 3234 988 3276 usus
