2200 3450
341 181 430 231 CATO
447 177 580 233 MAJOR.
616 183 692 232 uAP.
711 182 749 232 ΙΙ.
768 182 820 232 ΙΙΙ,
986 186 1001 232 3

153 261 227 330 end
239 265 282 317 est
295 262 367 316 enim
386 262 460 314 aliud
480 261 628 330 Gigantum
644 261 725 315 modo
741 261 845 314 bellare
861 277 923 315 cum
940 260 1001 315 Diis

152 339 204 392 nisi
224 342 338 392 naturae
362 353 515 406 repugnare
524 340 538 395 l,
577 345 600 392 6.
630 337 762 391 hammus.
804 338 900 406 Atqui.
924 337 998 398 Cato,

152 415 336 483 gratissimum
360 413 445 480 nobis,
469 416 501 467 ut
529 413 613 467 etiam
640 430 691 482 pro
716 413 841 482 Scipione
864 412 1000 481 pollicear,

152 490 255 554 feceris,
280 490 308 554 si,
330 489 456 558 quoniam
480 506 622 558 speramus
645 488 769 542 volumus
793 488 903 563 quidem
926 491 1001 540 certo

153 565 487 638 senesiieri,1uultoante
499 583 515 618 a
527 569 556 618 te
569 564 745 618 didicerimus
758 564 856 632 quibus
874 563 1001 616 facillime

153 642 302 694 rationibus
312 641 543 708 ingravescentem
553 644 672 694 aetatem
682 641 755 694 ferre
764 641 905 710 possimus.
918 639 1001 694 Caro,

118 745 123 756 ·
154 715 262 770 Faciam
280 733 352 782 vero,
371 716 452 784 Laeli,
472 716 634 786 praesertim
652 717 674 769 si
693 718 805 785 utrique
823 721 951 782 vestmm,
970 718 1001 768 ut

153 793 227 860 dicis,
243 796 353 860 gratum
365 792 487 846 futurum
501 797 550 846 est.
588 793 673 845 Lanu.
710 793 843 846 Volumus
861 808 932 858 sane,
948 790 1000 843 nisi

152 868 295 922 molestum
308 872 357 933 est,
368 867 443 934 Cato,
455 872 595 937 tamquam
608 869 715 936 longam
727 869 846 936 aliquam
859 867 930 920 viam
939 883 1001 920 eon-

152 943 248 996 secem's
261 961 342 1012 quam
355 944 432 996 nobis
446 961 555 1013 quoquc
571 944 779 1012 ingrediendum
797 944 841 1008 sit,
858 943 929 996 istuc
946 959 1000 1010 quo

151 1020 300 1086 pervenisti
312 1019 406 1072 videre
419 1021 500 1088 quale
513 1021 556 1073 sit.

208 1096 261 1149 ΙΙΙ.
298 1094 325 1152 7.
356 1096 440 1150 Caro.
477 1096 587 1148 Faciam
608 1099 640 1148 ut
664 1099 768 1165 potero,
794 1096 877 1151 Laeli.
913 1094 1001 1163 Saepe

152 1172 223 1224 enim
234 1172 347 1225 interfui
357 1171 475 1240 querelis
484 1187 606 1225 meorum
616 1171 887 1240 aequalium—pares
899 1175 999 1233 autem,

151 1251 244 1300 vetere
256 1247 406 1314 proverbio,
419 1263 481 1300 oum
492 1246 604 1314 paribus
622 1247 749 1300 facillime
767 1251 1001 1314 congregantur-

152 1339 222 1390 quae
245 1323 274 1376 Ο.
293 1323 433 1388 Salinator,
454 1339 525 1390 quae
550 1323 593 1390 Sp.
615 1322 738 1388 Albinus,
763 1322 885 1375 homines
909 1338 1001 1375 consu-

151 1397 222 1451 lares
237 1399 323 1452 nostri
337 1399 394 1451 iere
407 1399 533 1466 aequales
551 1397 694 1464 deplorare
711 1396 843 1464 solebant,
855 1401 913 1450 tum
926 1399 1001 1466 quod

151 1473 338 1541 voluptatibus
356 1476 481 1526 carerent
500 1473 558 1525 sine
578 1472 678 1538 quibus
697 1473 782 1525 vitam
801 1473 901 1525 nullam
922 1478 1001 1542 puta-

152 1553 220 1614 rent,
232 1552 291 1603 tum
305 1549 379 1617 quod
396 1553 591 1616 spernerentur
603 1547 638 1600 ab
650 1549 683 1601 iis
701 1565 718 1601 a
735 1547 835 1616 quibus
847 1554 938 1602 essent
951 1550 1000 1603 coli

152 1625 231 1678 soliti.
270 1625 321 1690 Qui
339 1623 406 1675 mihi
418 1641 471 1676 non
484 1622 514 1674 id
525 1622 690 1676 videbantur
702 1640 829 1677 accusare
842 1624 915 1692 qued
928 1629 1000 1679 esset

151 1700 339 1754 accusandum.
367 1699 457 1753 'Nam
482 1699 505 1752 si
527 1698 557 1751 id
581 1699 660 1768 culpa
677 1696 832 1754 'senectutis
856 1700 1000 1767 accideret,

152 1776 249 1829 eadem
260 1776 327 1828 mihi
338 1792 390 1829 usu
401 1776 525 1830 venirent
537 1776 704 1845 reliquisque
716 1776 840 1829 omnibus
852 1778 1001 1844 majoribus

152 1854 226 1917 natu,
248 1866 362 1919 quorum
385 1868 435 1918 ego
455 1851 602 1904 multorum
624 1852 734 1918 cognovi
755 1856 923 1905 senectutem
943 1854 1001 1906 sine

153 1927 268 1995 querela,
288 1928 335 1995 qui
357 1942 386 1979 se
401 1930 429 1979 et
448 1926 590 1980 libidinum
612 1927 725 1980 vinculis
746 1927 851 1980 laxatos
870 1944 1001 1981 essenon

152 2003 265 2055 moleste
276 2002 382 2055 ferrent
395 2019 444 2055 nec
461 2021 477 2056 a
494 2004 549 2055 suis
568 2002 780 2070 despicerentur.
814 2004 870 2058 Sed
881 2006 1000 2058 omnium

152 2077 303 2131 istiusmodi
328 2078 499 2146 querelarum
523 2079 550 2130 in
575 2079 695 2131 moribus
719 2084 761 2133 cst
786 2081 872 2148 culpa,
896 2098 949 2133 non
972 2082 1000 2132 in

152 2156 252 2207 aetate.
287 2154 423 2207 Moderati
446 2155 518 2206 eninr
538 2157 567 2206 et
584 2170 634 2206 nec
654 2154 777 2207 difficiles
798 2172 847 2207 nec
862 2155 1001 2214 inhumani

153 2246 229 2283 senes
238 2229 407 2283 tolerabilem
418 2233 586 2283 senectutem
596 2236 695 2297 agimt3
707 2231 898 2299 importunitas
907 2234 1000 2283 autem

153 2310 181 2357 ct
207 2306 391 2359 inhumanitas
421 2307 493 2359 omni
521 2306 605 2359 aetati
627 2307 742 2360 molesta
768 2310 817 2359 est.
860 2312 885 2359 8.
914 2306 999 2359 Lanu.

153 2380 210 2447 Est,
229 2392 261 2434 ut
280 2381 354 2447 dieis,
374 2381 457 2446 Oat03
476 2382 525 2435 sed
544 2381 661 2434 fortasse
679 2383 781 2435 dixerit
798 2382 931 2450 quispiam
949 2381 1000 2436 tibi

151 2460 264 2525 propter
283 2473 349 2524 opes
365 2460 394 2510 et
413 2459 503 2525 copias
522 2466 550 2511 et
568 2457 731 2525 dignitatem
749 2461 824 2512 tuam
839 2458 1001 2512 tolerabilia

151 2549 209 2585 rem
223 2536 390 2605 senectutem
403 2533 497 2599 videri,
516 2533 545 2586 id
563 2538 655 2587 autem
673 2551 727 2606 non
742 2551 822 2603 posse
834 2535 927 2587 multis
939 2550 1001 2586 con-

151 2608 265 2675 tingere.
302 2609 385 2662 Caro.
417 2608 468 2661 list
487 2610 559 2662 istuc
580 2610 698 2677 quidem,
720 2611 802 2677 Laeli,
822 2609 933 2678 aliquid,
951 2609 1000 2663 sed

151 2700 323 2751 nequaquam
347 2685 375 2737 in
400 2684 453 2737 isto
483 2688 555 2738 'sunt
594 2687 690 2739 omnia.
738 2688 792 2739 Ut.
806 2686 1000 2740 Themistocles

153 2758 239 2812 fertur
251 2759 375 2827 Seriphio
387 2758 495 2813 cuidam
512 2760 540 2812 in
554 2761 648 2828 jurgio
665 2763 845 2831 respondisse,
859 2779 943 2830 quum
954 2762 1000 2814 illc

153 2834 265 2887 dixisset
290 2852 343 2887 non
364 2851 427 2888 eum
450 2852 499 2889 sua
522 2836 572 2889 sed
592 2838 697 2904 patriae
720 2838 806 2905 gloria
827 2838 1000 2906 splendorem

151 2913 318 2964 assecutum:
335 2911 515 2978 mehercule,
530 2913 628 2980 inquit,
645 2914 667 2966 si
685 2930 736 2982 ego
753 2914 893 2983 Seriphius
905 2930 1000 2982 essem,

151 2984 255 3050 nobilia,
279 3002 328 3039 nec
356 2989 394 3051 tu,
416 2987 439 3039 si
464 2988 641 3041 Atheniensis
662 2991 856 3059 esses,'elarus
871 3000 999 3058 ‘unquam

152 3060 254 3114 fuisses.
292 3061 371 3125 Quod
392 3062 488 3116 eodem
508 3064 589 3115 modo
608 3064 644 3116 dc
666 3070 806 3121 senectute
819 3067 880 3120 'diei
899 3070 998 3134 potest.

152 3136 177 3188 N
180 3152 210 3189 ec
223 3137 299 3209 enim·
306 3137 334 3190 in
348 3154 453 3191 summa
464 3138 556 3205 inopia
567 3139 635 3189 levis
647 3157 706 3192 esse
718 3145 844 3194 senectus
855 3141 947 3208 potest
964 3157 998 3192 ne

150 3210 267 3279 sapienti
286 3212 405 3281 quidem,
424 3230 475 3266 nee
493 3212 631 3280 insipienti
652 3215 735 3267 etiam
752 3216 781 3267 in
799 3230 905 3267 summa
922 3214 998 3278 copia
