2200 3450
239 173 254 204 e
270 155 360 202 CATO
379 154 511 203 MAIOR.
548 153 626 202 CAP,
644 153 740 201 XXII.
760 153 872 202 XXIII.
966 157 997 206 27

151 238 214 304 rint,
244 253 329 304 quum
358 251 388 288 ee
417 234 496 304 plane
525 234 647 309 corporis
669 233 783 287 vinculis
808 233 999 289 relaxaverint.

152 313 251 379 Quare,
269 312 293 366 si
309 312 376 366 hace
393 311 433 364 ita
449 313 520 377 sunt,
538 309 577 363 sic
594 326 639 362 me
650 310 761 364 nolitote
776 314 809 364 nt
825 310 915 366 deum.
951 310 999 365 Sin

91 441 94 447 .
150 405 206 445 una
228 387 457 442 eet·interitu1us
480 387 586 439 animus
610 389 814 454 cum'corpcre,
836 405 884 441 vos
906 392 1000 442 tamen

151 465 217 518 deos
232 466 366 529 verentes,
380 463 427 531 qui
437 462 506 515 hanc
521 479 630 516 omnem
641 462 875 530 pulchritudinem
887 467 1000 518 tuentur

151 545 180 593 ct
203 543 310 607 regunt,
334 538 606 592 memoriam'nostri
629 539 674 607 pie
702 539 886 608 inviolateque
910 556 1000 594 serva-

151 615 237 670 l›itis.''

202 692 317 746 XXIII.
353 697 393 746 82.
412 680 629 760 C'yrusquidem
644 692 712 746 haec
731 692 857 746 moriens.
893 692 959 760 Nos,
977 693 1000 751 si

97 839 100 842 .
150 769 246 837 placet,
263 771 358 821 nostra
378 768 525 821 videamus.
562 768 651 820 Nemo
669 785 789 836 unquam
805 769 881 832 mihi,
903 769 1000 836 Scipio,

149 844 327 912 persuadebIt
345 847 394 896 aut
413 847 521 912 patrem
540 847 618 897 tuum
635 843 767 905 Paullum,
786 850 835 897 aut
851 844 921 896 dnos
936 861 999 898 avos

150 919 275 974 Paullum
283 923 312 973 ct
320 920 486 987 Africanum,
496 923 545 973 aut
552 919 674 972 Africani
682 924 796 987 patrem,
806 923 855 973 aut
863 924 999 989 patruum,

149 999 197 1049 aut
215 997 506 1064 multospracstantes
525 996 598 1048 viros
617 1011 685 1063 quoe
704 1013 865 1049 enumerare
884 1013 938 1048 non
956 1000 999 1050 est

149 1089 267 1140 necesse,
278 1076 358 1134 tanta
376 1089 436 1126 esse
454 1076 565 1126 conatos
583 1089 653 1142 quae
668 1071 704 1124 ad
716 1072 887 1140 posteritatis
898 1089 997 1126 memo

149 1147 218 1202 riam
229 1149 409 1216 pertinerent,
428 1149 480 1202 nisi
496 1150 587 1201 animo
599 1151 743 1202 cernerent
754 1149 948 1218 posteritatem
962 1149 998 1202 acl

149 1241 179 1278 se
198 1227 344 1294 pertinere.
379 1227 426 1278 An
446 1242 548 1292 censos,
565 1228 598 1278 ut
614 1224 650 1277 dc
662 1241 706 1277 me
723 1225 784 1293 ipso
802 1224 907 1292 aliquid
923 1240 999 1278 more

149 1317 243 1354 senum
254 1302 363 1370 glorier,
382 1319 427 1356 me
444 1305 536 1355 tantos
551 1301 659 1353 labores
672 1300 784 1353 diurnos
796 1303 998 1366 nocturnosque

149 1377 221 1430 domi
235 1378 405 1447 militiaeque
423 1381 614 1445 suscepturum
631 1376 724 1442 fuisse,
743 1375 766 1428 si
783 1375 881 1428 iisdem
899 1375 999 1429 finibus

142 1453 261 1519 ,gloriam
290 1471 379 1507 meam
413 1453 512 1521 quibus
542 1452 628 1503 vitam
660 1467 748 1504 essem
782 1451 998 1505 terminaturusl

148 1529 245 1582 Nonne
256 1531 354 1583 melius
366 1530 453 1582 multo
464 1529 562 1580 fuisset
574 1527 690 1579 otiosam
702 1529 823 1580 aetatem
835 1529 865 1578 et
877 1525 998 1593 quietam

148 1605 206 1658 sine
223 1605 278 1658 ullo
296 1605 390 1658 labore
408 1608 437 1658 et
454 1603 629 1658 contentione
641 1603 803 1657 traduceret
840 1601 896 1655 Sed
907 1603 997 1655 nescio

148 1681 283 1748 quomodo
308 1682 413 1735 animus
437 1680 543 1747 crigens
569 1696 598 1734 se
617 1679 806 1748 posteritatem
830 1678 869 1731 ita
891 1695 998 1747 semper

146 1757 331 1825 prospiciebat
343 1758 421 1826 quasi
434 1774 517 1824 quum
529 1757 692 1810 excessisset
705 1772 720 1807 o
733 1756 861 1808 vitatum
874 1755 997 1823 denique

147 1833 268 1886 victurus
280 1834 361 1887 esset.
397 1832 476 1897 Quod
488 1833 599 1901 quidem
612 1832 639 1885 ni
651 1832 691 1885 ita
704 1849 733 1885 sc
744 1832 859 1885 haberet
870 1834 902 1883 ut
913 1831 996 1883 auinri

146 1910 314 1963 immortales
323 1915 421 1978 essent,
429 1910 502 1962 haud
513 1910 609 1978 optimi
619 1909 752 1977 cujusque
760 1909 866 1960 animus
879 1907 997 1959 maximo

146 1984 182 2039 aid
200 1982 434 2042 immortalitatem
455 1986 559 2053 gloriae
580 1986 722 2039 niteretur.
758 1989 801 2037 83.
820 1983 901 2048 Quid,
920 1982 995 2050 quod

146 2062 359 2131 sapientissimus
371 2064 487 2132 quisque
505 2062 668 2130 aequissimo
686 2059 916 2122 auimomoritur,
929 2058 997 2111 stul-

145 2138 266 2193 tissimus
287 2139 472 2208 iniquissimoi
510 2138 608 2190 Nonne
626 2136 704 2189 vobis
723 2136 834 2188 videtur
849 2134 955 2187 animus
972 2134 996 2188 is

146 2215 193 2282 qui
209 2216 269 2283 plus
286 2219 381 2269 cernat
399 2219 434 2268 et·
447 2213 554 2283 longius
571 2213 666 2266 videre
684 2228 714 2265 se
732 2211 768 2263 ad
786 2210 899 2264 meliora
914 2208 996 2275 profi-

146 2290 223 2355 cisei;
243 2291 289 2345 ille
309 2295 401 2345 autem
420 2290 498 2359 cujus
519 2288 643 2342 obtusior
662 2288 699 2340 sit
718 2286 790 2339 acics
809 2301 863 2337 non
882 2282 995 2338 videret
1052 2326 1056 2332 .

146 2366 281 2435 liquidem
304 2367 403 2420 efferor
427 2365 518 2419 studio
541 2368 635 2433 patres
659 2365 765 2416 vestros
786 2376 854 2429 quos
876 2359 946 2413 colui
967 2366 995 2413 et

146 2442 229 2496 dilexi
249 2442 567 2509 videndi3-*nequevero
588 2456 635 2493 eos
653 2440 741 2491 solum
762 2436 907 2495 convenire
928 2452 995 2489 aveo

146 2535 214 2587 quos
234 2519 292 2586 ipse
306 2517 431 2585 cognovi,
448 2515 504 2584 sed,
517 2516 578 2569 illos
596 2515 680 2568 ctiam
692 2514 728 2567 de
740 2512 840 2580 quibus
856 2512 948 2565 audivi
966 2516 996 2565 ct

146 2595 199 2662 legi
211 2588 310 2662 etipse
322 2591 476 2661 conscripsi.
514 2592 574 2656 Quo
591 2591 703 2659 quidem
721 2606 766 2642 me
777 2588 995 2657 proficiscentem

145 2670 219 2724 haud
231 2687 296 2723 sanc
309 2670 370 2738 quis
380 2668 458 2723 facile
470 2669 625 2734 retraxerit,
636 2682 726 2735 neque
738 2668 878 2733 tamquam
892 2664 996 2717 Peliam

146 2747 288 2800 rccoxcrit.
325 2745 404 2811 Quod
423 2746 446 2798 si
465 2745 526 2813 quis
543 2744 611 2796 deus
626 2743 693 2795 mihi
705 2742 838 2809 largiatur
849 2744 882 2793 ut
894 2756 929 2792 ex
945 2740 996 2794 hac
1092 2813 1094 2818 γ

146 2827 237 2877 aetate
249 2838 438 2891 repuerascam
457 2823 486 2873 et
501 2821 530 2873 in
548 2820 624 2872 curris
636 2819 750 2885 vagiam,
764 2817 843 2870 valde
855 2832 980 2869 recusem
988 2838 996 2881 ;

147 2916 196 2952 ncc
207 2916 271 2952 vcro
283 2898 364 2963 velim
377 2899 454 2965 quasi
473 2896 588 2949 decurso
605 2896 694 2963 spatio
711 2893 747 2945 ad
758 2909 881 2945 carceres
893 2909 910 2945 a
923 2892 996 2945 calce
1038 2902 1049 2921 ⁰

147 2966 273 3028 rc'vocari.
308 2979 351 3029 84.
377 2973 449 3038 Quid
470 2973 542 3025 enim
566 2971 650 3023 habet
673 2970 730 3021 vita
750 2968 902 3021 commedit
918 2967 996 3035 'quid

147 3046 201 3103 non
223 3048 454 3119 potius'laboriel
499 3048 555 3101 Sed
578 3046 679 3099 lrabeat
702 3060 780 3097 sane:
809 3043 896 3097 habet
919 3045 995 3094 certe

148 3130 249 3180 tamen'
262 3129 311 3179 aut
333 3120 490 3179 satietatem
513 3125 562 3175 aut
585 3120 703 3173 modum.
738 3120 801 3172 Non
824 3120 902 3172 lubet
922 3116 995 3168 enim

147 3201 214 3255 mihi
238 3200 381 3271 deplorare
404 3200 496 3266 vitam,
521 3197 596 3267 quod
619 3196 698 3250 multi
721 3197 751 3249 et
772 3194 793 3246 ii
813 3192 888 3245 docti
913 3204 995 3256 saepe
