2200 3450
102 142 132 189 16
328 137 366 187 M.
384 136 509 186 TULLII
532 137 722 185 CICERONIS

100 235 155 272 non
166 216 288 285 intelligo
299 232 335 270 ne
346 217 375 269 in
386 216 448 269 istis
460 216 573 285 quidem
579 215 766 283 voluptatibus
778 216 845 284 ipsis
857 232 950 270 carere

102 310 183 348 sensu
195 295 372 347 senectutem.
411 291 458 344 Me
477 308 542 345 vero
559 295 588 344 et
606 293 766 359 magisteria
777 292 915 345 delectant
933 309 950 344 a

101 368 250 438 majoribus
268 368 414 432 instituta,
432 371 462 421 ct
480 368 504 421 is
524 384 613 421 sermo
627 368 675 437 qui
693 384 769 421 more
786 368 919 436 majorum
933 385 950 420 a

102 461 208 498 summo
220 444 368 498 adhibetur
380 445 409 496 in
420 443 540 511 poculis;
558 447 588 497 et
605 444 709 512 pocula,
722 444 793 497 sicut
803 441 832 496 iri
844 461 950 512 synape

102 523 142 573 sio
155 520 343 590 Xenophontis
364 524 414 588 est,
427 521 534 574 minuta
548 523 633 588 atquo
650 521 779 587 rorantia,
791 524 820 574 et
839 521 950 588 refrigo-

101 597 171 650 ratio
194 600 307 664 aestate,
327 599 356 650 et
375 595 493 649 vicissim
513 599 562 649 aut
585 595 625 648 sol
648 599 696 649 aut
719 595 790 663 ignis
811 596 948 648 hibernus.

102 673 178 736 (luae
197 672 309 742 quidem
321 672 405 726 etiam
423 671 450 723 in
470 671 578 724 Sabinis
595 672 724 740 persequi
742 672 823 740 soleo,
834 673 950 726 convivi-

101 765 203 817 umque
221 749 371 801 vioinorum
391 741 514 814 quotidie
535 749 663 816 compleo,
683 748 758 816 quod
778 748 814 800 ad
835 749 949 801 multam

102 829 208 878 uectem
221 840 304 893 quam
317 823 434 876 inanime
446 839 590 890 possumus
603 826 676 877 vario
689 841 813 877 sermone
824 824 950 892 produci-

102 917 169 954 mus.
205 904 246 956 47.
265 901 305 952 nt
322 916 375 951 non
388 901 432 952 est
443 898 616 966 voluptatum
634 904 712 954 tanta
731 900 809 968 quasi
827 900 950 953 titillatio

102 977 128 1028 iu
143 976 260 1029 senibus.
297 975 401 1028 Credo:
421 974 470 1028 sed
487 991 522 1028 ne
535 975 702 1030 desideratio
720 976 839 1044 quidem.
874 976 899 1028 N
902 977 950 1029 ilril

101 1056 195 1104 autem
208 1051 353 1104 molestum
366 1050 441 1119 quod
456 1066 510 1103 non
524 1051 671 1105 desideres.
708 1053 784 1106 Bene
797 1051 949 1120 Sophocles

102 1145 187 1196 quum
199 1144 234 1180 ex
245 1143 278 1180 eo
290 1125 401 1196 quidam
409 1125 468 1194 jam
481 1127 579 1181 affecto
591 1132 683 1182 aetate
694 1132 847 1197 quaereret,
860 1133 950 1181 utere

102 1208 183 1258 turne
206 1202 289 1258 rebus
314 1203 439 1256 venereis
446 1224 453 1267 ;
481 1203 526 1254 Dii
548 1204 677 1258 meliora!
703 1205 809 1272 inquit:
832 1202 951 1257 libenter

102 1297 167 1334 vero
190 1279 272 1334 istinc
295 1278 365 1332 sicut
383 1295 400 1332 a
418 1277 526 1331 domino
545 1281 647 1342 asrresti
665 1297 697 1333 ac
713 1280 815 1333 furioso
836 1281 950 1348 profugi

104 1355 218 1424 Cupidis
230 1355 302 1409 enim
314 1371 406 1408 rerum
424 1355 521 1408 talium
540 1356 664 1408 odiosum
682 1357 798 1410 fortasse
810 1361 839 1409 ct
855 1357 950 1408 moles-

103 1437 162 1484 tum
175 1435 218 1485 cst
230 1447 338 1496 carere;
356 1430 464 1484 satiatis
479 1448 544 1484 vero
563 1437 592 1485 ot
609 1432 727 1500 expletis
741 1431 890 1500 jucundius
908 1444 951 1485 cst

103 1524 196 1562 cruere
216 1522 298 1576 quam
318 1507 393 1560 frui·
418 1507 589 1575 Quamquam
613 1525 667 1560 nou
687 1511 763 1562 caret
786 1509 810 1560 is
831 1508 883 1576 quiv
897 1525 951 1560 non

103 1583 249 1638 desiderat.
285 1583 343 1650 Ego
370 1599 424 1634 non
449 1582 608 1636 desiderare
632 1584 693 1636 dico
716 1600 776 1637 esse
795 1582 951 1651 jucundius.

103 1666 145 1714 48.
164 1659 243 1725 Quod
260 1659 282 1711 si
299 1657 361 1712 istis
371 1658 447 1727 ipsis
468 1658 654 1728 voluptatibus
672 1659 745 1713 bona
760 1667 836 1713 aetas
851 1659 951 1711 fruitio

104 1736 241 1804 libentius,
262 1735 381 1803 primurn
402 1736 523 1803 parvulis
540 1736 641 1790 fruitur
659 1737 750 1805 rebus,
768 1741 800 1790 ut
818 1735 951 1802 diximus;

105 1813 204 1867 deinde
216 1812 250 1865 iis
268 1810 368 1880 quibus
387 1814 519 1879 senectus,
532 1812 556 1865 si
574 1829 628 1865 non
646 1813 755 1867 abunde
772 1813 885 1881 potitur,
897 1830 950 1865 non

104 1890 213 1943 omnino
225 1890 308 1941 caret.
344 1888 385 1941 Ut
397 1887 534 1956 Turpione
547 1889 676 1941 Ambivio
694 1890 782 1957 magis
799 1888 953 1943 delectatur

104 1966 152 2035 qui
163 1964 192 2017 in
203 1964 292 2032 prima
303 1979 386 2017 cavea
398 1967 512 2031 spectat,
524 1963 678 2018 delectatur
695 1968 787 2018 tamen
804 1965 887 2018 etiarn
905 1965 952 2033 qui

104 2044 132 2094 iu
151 2041 262 2106 ultima,
286 2040 324 2092 sic
342 2039 525 2095 adolescentia
541 2040 696 2109 voluptates
713 2040 953 2119 proptcrp'ntuens

104 2117 197 2185 magis
207 2116 324 2169 fortasse
342 2115 469 2184 laetatur,
486 2116 534 2170 sed
553 2115 707 2171 delectatur
725 2118 808 2171 etium
826 2121 953 2171 senectus

104 2193 197 2261 procul
218 2208 265 2246 eas
285 2195 410 2261 spectans
430 2195 537 2245 tantum
555 2197 692 2260 quantum
707 2196 750 2247 sat
767 2196 818 2247 est.
853 2200 894 2247 49.
913 2197 953 2247 At

104 2270 151 2323 illa
168 2270 263 2338 quanti
283 2272 354 2334 sunt,
373 2268 500 2335 animum,
512 2271 653 2336 tamquam
671 2270 793 2324 emeritis
811 2269 953 2337 stipendiis

104 2346 231 2413 libidinis,
243 2346 408 2412 ambitionis,
421 2345 610 2413 contentionis,
628 2346 838 2414 inimicitiarum,
850 2346 954 2415 cupidi-

104 2426 194 2477 tatum
206 2424 333 2490 omnium,
346 2438 437 2475 secum
450 2437 509 2475 esso
522 2438 675 2491 secumque,
687 2425 719 2475 ut
731 2422 951 2489 dicitur,viverc!

105 2500 134 2553 si
151 2515 217 2552 uero
234 2498 319 2552 habet
336 2496 448 2565 aliquod
464 2500 606 2565 tamquam
621 2497 751 2566 pabulum
769 2498 853 2550 studii
870 2501 954 2565 atquo

105 2576 251 2639 doctrinae,
271 2573 338 2625 nihil
359 2576 403 2626 est
424 2572 512 2626 otiosa
532 2576 674 2627 senectute
690 2572 845 2641 jucundius.
882 2574 954 2626 Mori

104 2667 191 2720 paene
203 2648 363 2702 videbamus
374 2648 402 2701 in
414 2648 506 2701 studio
519 2648 680 2702 dimetiendi
691 2649 758 2702 caeli
767 2651 852 2717 atque
863 2652 954 2702 torrae

37 2728 66 2797 ⁴,
106 2728 137 2781 O.
152 2725 259 2780 Gallum
271 2724 433 2787 familiarem
449 2724 536 2793 patris
547 2725 597 2790 tui,
610 2725 708 2793 Scipio.
746 2724 861 2788 Quoties
878 2724 954 2777 illuni

104 2803 152 2856 lux
172 2804 254 2855 noctu
280 2800 384 2869 aliquid
405 2799 561 2854 describere
585 2800 744 2869 ingressum,
769 2801 877 2869 quotics
899 2818 954 2854 nox

66 2929 68 2934 .
105 2877 250 2947 oppressit,
276 2894 360 2945 quum
389 2893 469 2930 mane
499 2877 647 2944 coepisset!
686 2876 773 2940 Quam
797 2876 955 2931 delectabat

105 2952 347 3007 cumdefectiones
359 2952 423 3006 solis
435 2956 465 3006 et
475 2952 556 3005 lunae
567 2952 656 3005 multo
669 2952 748 3005 nobis
765 2955 830 3005 ante
847 2953 967 3021 praedi-1

102 3031 181 3082 cere!
219 3033 260 3082 50.
279 3026 352 3092 Quid
363 3028 391 3080 in
403 3027 551 3081 levioribus
563 3026 661 3081 studiis
678 3027 729 3081 sed
746 3031 838 3081 tamen
850 3029 956 3083 acutisl

100 3104 194 3168 Quam
211 3103 350 3172 gaudebat
367 3103 439 3157 bello
456 3119 505 3156 suo
524 3102 627 3155 Punico
641 3101 774 3156 Naevius!
794 3118 876 3170 quam
889 3104 956 3156 Tru-

103 3181 215 3235 culento
236 3178 363 3235 Plautus!
383 3194 465 3247 quam
477 3176 638 3231 'Pseudolol
676 3176 743 3229 Vidi
760 3177 844 3230 etiam
862 3194 956 3231 sonem
