2200 3450
335 175 425 222 CATO
446 175 574 222 MAJJOR.
611 175 689 224 uAP.
707 175 786 229 XlX,
958 181 989 226 23

111 317 112 320 Ἰ
136 271 201 310 rare
212 255 286 310 idem
299 273 381 310 senex
394 273 446 310 non
460 261 559 324 potcst.
596 257 764 325 Insipienter
776 261 877 325 sperat
916 257 990 323 Quid

84 327 87 332 ’
137 332 211 384 enim
224 333 334 386 stultius
353 349 434 400 quam
452 334 558 387 incerta
575 350 626 403 pro
644 335 727 388 certis
738 334 847 401 habero,
858 335 927 388 falsu
938 352 989 404 pro

137 409 225 462 veris?
261 407 351 462 Senex
369 425 403 462 nc
422 409 496 477 quod
514 416 608 478 speret
626 414 736 480 quidem
755 413 848 466 habet.
890 413 928 465 nt
945 418 988 467 ost

92 503 95 507 ·
136 495 169 532 eo
192 483 304 536 meliore
325 484 480 538 conditione
504 503 587 554 quam
610 487 775 561 adolescens,
798 487 927 554 quoniam
952 487 989 548 id,

136 557 210 623 quod
226 563 255 610 ιιι
285 567 385 625 sperat,
398 561 441 614 hic
454 559 536 630 [jam]
549 567 711 614 consecutus
723 567 775 615 est.
805 561 858 614 Ille
869 561 929 615 vult
942 561 988 614 diu

141 630 246 694 vivere3
264 630 308 682 hic
320 629 369 682 diu
380 631 457 682 vixit
487 635 527 684 69.
548 631 727 700 Quamquam,
740 649 756 684 o
768 631 814 683 Dii
826 630 904 684 boni!
924 631 991 700 quid

141 708 184 758 est
201 706 230 758 in
248 705 363 758 hominis
376 707 433 760 vita
452 705 514 760 diu!
552 707 596 760 Da
608 708 680 761 enim
693 724 851 775 supremum
867 710 990 775 tempus:

140 784 328 849 exspectemus
346 782 545 836 Tartessiorum
562 783 636 850 regis
653 786 780 837 aetatem.
820 783 885 836 Fuit
909 784 989 841 enim.

140 862 172 909 ut
191 857 323 925 scriptum
338 857 425 926 video,
446 859 651 927 Arganthonius
669 859 782 927 quidam
801 859 925 915 Gadibus
941 861 989 928 qui

140 933 278 1001 octoginta
288 935 413 1002 regnavit
425 951 516 1003 annos,
535 938 645 989 centum
663 939 692 990 et
708 936 806 1004 viginti
821 936 898 1002 visit
934 935 989 990 Sed

140 1009 206 1062 mihi
226 1027 262 1063 ne
281 1010 442 1064 diuturnum
461 1011 572 1079 quidem
591 1011 740 1080 quidquam
760 1012 871 1066 videtur
887 1013 989 1081 inquo

140 1089 182 1140 est
193 1086 297 1155 aliquid
309 1090 476 1143 extremum:
489 1105 574 1156 quum
586 1088 659 1141 enim
671 1088 701 1141 id
712 1089 832 1157 advenit,
844 1092 909 1142 tunc
920 1089 988 1142 illud

139 1163 214 1231 quod
227 1163 371 1232 praeteriit
385 1163 503 1219 effinxit:
522 1167 631 1217 tantum
649 1168 775 1218 remanet
792 1165 868 1233 qnod
885 1165 987 1218 virtuto

139 1243 168 1292 ct
181 1247 254 1292 recto
266 1239 344 1292 factis
357 1243 515 1294 consecutus
528 1241 572 1294 sis.
609 1241 703 1294 Horae
714 1240 826 1309 quidem
839 1241 941 1294 cedunt
958 1245 988 1294 et

139 1315 198 1368 dics
209 1319 238 1371 ct
250 1332 356 1368 menses
369 1320 397 1368 et
409 1316 480 1382 anni,
492 1334 542 1372 nce
554 1318 734 1385 praeteritum
746 1321 855 1385 tempus
867 1334 985 1385 unquam

138 1393 294 1458 revertitur,
308 1408 358 1445 nec
370 1392 438 1459 quid
449 1395 582 1460 sequatur
591 1392 654 1445 sciri
665 1395 766 1460 potest.
797 1391 878 1456 Quod
889 1393 987 1460 cuique

49 1484 52 1490 ·
138 1468 268 1535 temporis
285 1467 321 1520 ad
337 1467 592 1534 vivendumdatur,
609 1484 642 1521 eo
660 1467 745 1521 debet
760 1485 820 1521 esso
835 1470 985 1521 contentus.

140 1548 178 1600 70.
197 1543 295 1611 Neque
313 1544 385 1598 enim
403 1543 528 1598 histrioni
545 1548 578 1598 ut
595 1544 702 1612 placeat
719 1543 878 1613 peragenda
894 1542 986 1596 fabula

138 1620 340 1684 est31nodoin
358 1636 519 1688 quocunque
537 1620 621 1674 fuerit
638 1623 702 1674 actu
713 1619 860 1689 probetnr;
878 1635 929 1673 nec
946 1637 986 1672 sa-

137 1696 224 1764 pienti
242 1712 330 1764 usque
348 1695 385 1749 ad
397 1695 525 1755 Plaudite
537 1695 700 1751 veniendum
718 1700 768 1751 est.
806 1695 983 1751 Brevsenim

137 1776 247 1841 tempus
270 1771 370 1825 aetatis
395 1773 462 1826 satis
484 1777 527 1827 ost
547 1772 658 1841 longum
676 1773 713 1826 ad
729 1773 801 1827 bene
817 1773 985 1841 honesteque

138 1847 292 1908 vivendum.
317 1848 376 1910 :Sin
393 1849 557 1917 processeris
580 1850 693 1917 longius,
715 1866 768 1902 non
787 1850 874 1917 magis
892 1849 984 1902 dolen-

138 1924 205 1977 dum
223 1928 265 1986 est
283 1940 365 1993 quam
382 1925 516 1993 agricolae
536 1926 637 1993 dolent,
655 1926 805 1993 praeterita
820 1926 897 1979 verni
915 1929 983 1979 tem-

137 2000 217 2069 poris
233 2002 367 2059 suavitate
383 2004 518 2057 aestatem
540 2005 756 2070 autumnumque
774 2003 887 2055 vonisse.
925 2001 984 2053 Ver
1046 2068 1048 2072 .

137 2078 210 2129 enim
236 2081 376 2145 tamquam
404 2072 616 2133 adolescentiam
646 2078 780 2145 significat
808 2078 983 2145 ostenditque

136 2152 241 2210 fructus
255 2154 376 2208 futuros:
393 2154 500 2221 reliqua
515 2157 641 2222 tempora
658 2152 831 2207 demetendis
849 2152 983 2207 fructibus

137 2232 166 2281 ct
178 2230 359 2299 percipiendis
372 2230 576 2283 accommodata
588 2234 658 2283 sunt.
695 2233 735 2286 71.
754 2229 872 2282 Fructus
890 2231 982 2281 autem

137 2307 284 2359 senectutis
304 2309 353 2371 est,
369 2308 401 2359 ιιι
420 2322 502 2374 saepe
522 2305 588 2372 dixi,
607 2310 672 2359 anto
689 2304 982 2373 partorumbononun

137 2382 267 2433 memoria
285 2385 314 2435 et
324 2381 408 2450 copia.
445 2381 544 2434 Omnia
559 2398 631 2449 vero,
650 2398 721 2449 quae
738 2380 887 2434 secundum
904 2385 982 2433 natu-

137 2473 196 2509 ram
208 2457 285 2523 fiunt,
299 2459 363 2509 sunt
374 2455 500 2510 habenda
511 2458 540 2509 in
552 2457 635 2511 bonis.
674 2456 747 2522 Quid
758 2460 801 2510 est
817 2459 910 2510 autern
925 2459 982 2509 tam

136 2532 287 2585 secundum
310 2536 436 2588 naturam
457 2550 539 2601 quarn
561 2534 671 2587 senibus
689 2534 791 2587 emcril
817 2524 892 2602 quod
908 2532 982 2585 idem

136 2609 272 2675 contingit
290 2608 508 2667 adolescentibus
526 2610 689 2663 adversante
706 2614 736 2664 et
751 2613 921 2680 repugnante
937 2626 983 2661 ua-

136 2688 206 2739 tura
242 2686 343 2753 Itaque
361 2684 546 2739 adolescentes
564 2688 633 2739 mori
650 2688 689 2740 sic
710 2686 776 2739 mihi
796 2686 932 2750 uidentur,
949 2687 982 2737 ut

137 2777 220 2829 quum
232 2778 319 2830 aquae
333 2761 509 2815 multitudino
521 2762 562 2815 vis
574 2762 698 2817 flammae
709 2762 885 2831 opprimitur:
903 2776 982 2813 sencs

136 2842 229 2891 nutem
251 2838 325 2891 sicut·
339 2852 388 2891 sus
407 2841 503 2905 sponte
525 2837 600 2891 nulla
619 2838 744 2891 adhibita
759 2838 787 2891 vi
805 2838 982 2910 consumptus

136 2914 206 2981 ignis
229 2914 426 2981 exstinguitur:
456 2918 485 2968 et
513 2915 592 2982 quasi
614 2932 695 2983 poma
722 2932 756 2967 ex
784 2912 935 2978 arboribus,
958 2912 983 2965 si

136 2989 221 3043 cruda
239 2993 309 3057 sunt,
330 2990 362 3043 vi.
394 2990 562 3055 avelluntur;
587 2992 737 3056 simstura
756 2994 785 3058 et
806 2992 888 3052 cocta
911 2986 982 3039 deci-

137 3066 224 3123 dunt:
241 3066 279 3119 sic
294 3066 379 3129 vitam
396 3066 614 3119 adolescentibus
625 3067 666 3118 uis
681 3066 778 3133 aufert,
797 3063 908 3117 senibus
925 3078 982 3113 ma-

136 3141 254 3205 turitas;
279 3156 350 3209 quae
370 3142 482 3209 quidem
503 3141 569 3193 mihi
587 3144 645 3193 tum
665 3140 852 3207 jucundaest
870 3139 910 3202 ut,
927 3150 982 3201 quo

136 3216 247 3287 propius
276 3215 313 3278 ad
343 3221 458 3281 mortem
488 3216 624 3281 secedam,
653 3217 732 3284 quasi
756 3218 860 3269 terram
887 3206 982 3262 videre
