2200 3450
222 146 226 149 ’
339 160 595 212 ΕΡΙετοιιιιιιιι
614 162 715 212 mem
732 165 814 212 neo.
972 170 1002 220 91

496 385 587 452 LIB.
608 386 655 456 ΙΙ.

160 611 164 619 .
193 571 216 621 1.
233 570 390 622 TULLIUS
407 573 452 620 ΕΤ
469 572 598 622 CICERO
614 573 741 623 TIRONI
759 571 827 622 SUO
844 571 869 620 S.
887 569 918 620 P.
936 570 969 620 D.

420 675 521 738 (1v1.9.
556 690 582 727 s.
595 689 620 726 u.
633 690 654 727 e.
669 676 734 740 704.)
809 669 814 678 ’

151 749 210 804 Nos
224 769 241 806 a
255 756 293 816 tc,
309 757 342 807 ut
355 755 415 823 scis,
429 755 602 810 discessimus
618 775 641 812 a.
657 757 683 810 d.
699 773 738 811 1v.
751 756 777 810 N
779 773 820 810 on.
837 755 863 809 N
865 754 1003 810 cremba:

54 821 69 842 ⁹
152 826 306 882 Leucadem
334 832 457 885 venimus
475 849 499 886 a.
517 831 545 887 d.
564 847 626 887 vm.
648 833 717 886 Idus
742 831 906 886 Novembr.:
930 847 953 884 a.
975 829 1004 884 d.

151 917 201 957 vn.
223 904 350 972 Actium;
378 906 417 960 ibi
440 910 554 976 propter
574 911 767 976 tempestatem
787 923 811 962 a
832 907 859 960 d.
878 922 916 960 vr.
935 905 1004 959 Idus

151 979 250 1031 morati
264 996 364 1035 sumus.
402 982 474 1036 Inde
487 999 512 1037 a
527 982 555 1038 d.
569 1001 594 1038 v.
611 984 679 1037 Idus
694 983 840 1052 Corcyram
856 982 935 1036 bellis
951 982 1004 1034 ’me

151 1054 346 1122 navigavimus.
382 1057 516 1126 Corcyrae
527 1059 630 1112 fuimus
642 1075 728 1128 nsque
741 1076 764 1112 a.
776 1059 803 1114 d.
816 1073 873 1112 xv1.
886 999 1004 1112 Kaffind.

36 1186 40 1194 ,
151 1127 305 1197 Decembr,
324 1133 538 1201 tempestatibus
562 1135 674 1190 retenti.
711 1136 747 1189 A.
768 1134 794 1188 d.
815 1150 860 1189 xv.
886 1133 1003 1189 Kalend.

151 1205 295 1260 Decembr.
309 1208 337 1260 in
353 1212 464 1277 portum
477 1209 688 1278 Corcyraeorum
702 1209 739 1264 ad
752 1209 900 1277 Cassiopen
914 1207 1004 1264 stadia

152 1296 214 1336 cxx.
225 1284 413 1352 processimus.
449 1285 494 1338 lbi
510 1287 615 1340 retenti
632 1285 721 1340 ventis
734 1302 828 1338 snmus
839 1301 927 1352 usqne
938 1300 962 1336 a.
975 1284 1003 1338 d.

152 1371 190 1412 lx.
208 1358 355 1415 Kalendas.
392 1360 505 1414 Interea
522 1361 571 1429 qui
587 1361 686 1430 cupide
704 1359 1004 1429 profectisunt,n1nlti

152 1432 293 1502 naufragia
305 1435 436 1488 fecerunt.
471 1436 498 1488 N
499 1453 530 1491 es
537 1452 570 1489 eo
582 1436 628 1489 die
640 1435 748 1490 caenati
761 1435 897 1502 solvirnus.
933 1433 1005 1488 Inde

152 1514 246 1563 austro
260 1510 406 1578 lenissime,
420 1511 496 1564 eaelo
511 1527 617 1578 sereno,
632 1515 713 1565 necte
727 1511 775 1565 illa
790 1514 820 1565 ct
833 1510 878 1564 die
893 1513 1005 1579 postero

152 1585 180 1638 in
191 1587 301 1640 ltaliam
309 1587 346 1640 ad
355 1587 531 1654 Hydruntem
540 1587 687 1641 ludibundi
696 1587 883 1656 pervenImus:
896 1584 1005 1638 eedem-

138 1724 141 1729 .
153 1679 207 1731 que
219 1666 301 1715 vento
319 1661 461 1733 postridie,
473 1662 504 1715 id
511 1664 577 1722 ¹erat
589 1679 613 1716 a.
626 1661 653 1715 d.
664 1677 712 1715 vn.
727 1661 845 1718 Kalend.
858 1659 1005 1716 Deccmbr.

152 1738 220 1792 hora
237 1742 338 1807 quarta
353 1737 532 1808 Brundisium
547 1739 684 1804 venimus;
700 1738 861 1805 eodemque
878 1740 1005 1805 tempore
1098 1760 1099 1793 l

137 1815 233 1869 simul
256 1814 398 1868 nobiscnm
415 1814 443 1867 in
461 1814 605 1884 oppidum*
616 1814 723 1868 introiit
741 1813 870 1877 Terentia
887 1828 958 1881 quae
975 1815 1004 1865 te

152 1891 219 1945 facit
237 1890 355 1959 plurimi.
392 1892 428 1945 A.
449 1890 477 1945 d.
491 1908 516 1944 v.
534 1890 655 1945 Kalend.
680 1889 823 1954 Decembr.
843 1904 937 1953 servus
956 1887 1004 1942 Cn.
1098 1880 1099 1949 i

153 1967 258 2021 Plancii
275 1966 417 2020 Bnmdisii
428 1966 542 2021 tandem
555 1966 701 2034 aliquando
713 1966 780 2019 milri
792 1982 809 2019 a
820 1968 850 2019 te
862 1966 1005 2033 exspecta-
1098 1960 1099 2027 l

152 2042 274 2097 tissimas
289 2042 385 2111 literas
399 2042 532 2110 reddidit,
545 2042 626 2095 datas
643 2041 742 2095 Idibus
760 2042 786 2094 N
788 2040 916 2108 ovembr„
934 2056 1006 2109 quae
1098 2036 1099 2107 3

153 2135 198 2173 me
206 2119 333 2173 molestia
339 2117 419 2173 valde
430 2118 563 2173 levarunt.
589 2118 702 2172 Utinam
715 2118 825 2172 omnine
834 2116 1005 2171 liberassent
1098 2134 1099 2171 ι

153 2195 209 2249 Sed
221 2198 315 2254 tamen
328 2194 446 2263 Asclapo
458 2194 581 2248 medicus
593 2194 674 2262 plane
690 2194 834 2247 eonfinnat
845 2190 1005 2260 propediem
1098 2220 1099 2225 κ

153 2275 183 2324 te
194 2271 331 2324 valentem
344 2271 410 2323 fore.
448 2270 528 2323 Nunc
540 2270 609 2338 quid
627 2286 677 2337 ego
694 2273 723 2322 te
739 2269 835 2321 horter
851 2270 884 2320 ut
898 2283 1006 2320 omnem
1098 2272 1099 2275 ’

152 2346 324 2413 diligentiam
340 2346 473 2399 adhibeas
488 2345 526 2398 ad
544 2344 805 2399 convalescenduml
841 2342 927 2396 Tuam
944 2358 1007 2411 pru·-

153 2424 284 2485 dentiam
300 2422 518 2490 temperantiam,
534 2437 655 2474 amorem
674 2437 740 2488 erga
756 2418 892 2473 menori:
911 2418 966 2473 scio
978 2422 1007 2473 te

151 2499 245 2552 emnia
263 2498 400 2550 facturum
417 2499 450 2551 ut
468 2496 611 2552 nobiscum
630 2512 712 2565 quarn
731 2496 849 2564 primum
869 2494 914 2550 sis.
951 2493 1007 2548 Sed

153 2578 247 2631 musea
270 2575 311 2627 ita
329 2573 410 2627 velim
435 2576 467 2627 ut
490 2571 617 2641 nequid
640 2587 777 2640 properes.
814 2569 1007 2639 symphoniam
1098 2588 1099 2599 ι

155 2650 268 2720 Lysonis
279 2650 377 2703 vellem
389 2649 513 2715 vitasses,
525 2665 561 2703 ne
575 2648 603 2701 in
618 2651 745 2719 quartam
758 2645 933 2701 hebdomada
943 2646 1008 2699 inei-

153 2727 242 2785 derea
279 2726 335 2781 Sed
348 2726 477 2794 quoniam
489 2724 590 2795 pudori
601 2726 651 2777 tuo
662 2723 783 2776 maluisti
796 2722 910 2790 obsequi
925 2736 1007 2788 qnam

143 2803 311 2873 calendini,
330 2796 437 2870 reliqua
454 2818 526 2855 cura.
565 2798 648 2855 Curio
665 2799 727 2852 misi
745 2802 778 2852 ut
796 2798 903 2851 medice
920 2796 1007 2850 hones

152 2879 310 2942 baberetur.
332 2881 362 2938 et
386 2877 438 2932 tibi
463 2877 545 2931 daret
573 2873 649 2945 quod
678 2890 746 2943 opus
773 2877 861 2927 esset:
891 2888 935 2925 me
964 2872 1008 2926 eni

116 3023 118 3026 Ι
149 2954 281 3023 iussisset
295 2958 465 3010 duraturum.
501 2954 612 3022 Equum
629 2954 658 3005 et
675 2951 777 3003 mulum
798 2948 939 3003 Brundisii
956 2948 1007 3002 tibi

154 3030 264 3103 reliqui.¹
298 3031 401 3084 Romae
413 3046 509 3083 vereor
520 3045 556 3081 ne
568 3044 603 3081 ex
617 3026 678 3079 Kal.
692 3027 710 3079 J
713 3044 753 3079 an.
767 3024 858 3093 magni
870 3023 1008 3077 tumultus
1032 3036 1037 3047 ·

155 3108 219 3162 sint.
253 3106 313 3161 Nos
328 3122 441 3176 agemus
455 3105 547 3159 emnia
562 3103 677 3158 modice.
715 3102 863 3170 Reliquum
878 3101 1031 3156 estutte,

153 3183 208 3249 boc
223 3199 320 3264 ‚rogem
339 3188 369 3247 et
384 3199 404 3246 a
421 3185 452 3247 te
469 3185 572 3251 petam,
582 3195 624 3233 ne
638 3182 743 3233 temere
757 3176 875 3244 naviges.
913 3174 1009 3228 Solent
