2200 3450
256 178 347 225 CATO
366 175 497 224 llIAJOR.
534 176 612 225 CAP.
631 177 723 223 XVII.
744 177 850 225 XVIII.
951 181 980 228 21

128 257 256 314 laudibus
268 255 388 309 omnium
402 263 474 308 esset
486 255 560 309 fama
570 261 751 309 consentiens.
788 257 876 320 Quem
893 259 981 311 virum

128 351 216 402 nuper
236 333 265 386 P.
278 332 407 386 Crassum
426 330 588 385 Pontificem
608 331 768 399 Maximum,
786 349 867 401 quem
886 341 982 403 postea

127 413 164 465 hl.
175 409 309 478 Lepidum
318 409 415 462 eodem
424 408 579 462 sacerdotio
588 408 746 477 praeditum
753 410 885 465 vidimus!
909 413 981 477 Quid

127 489 161 540 de
175 485 271 540 Paullo
284 488 339 538 aut.
347 484 480 537 Africano
492 484 597 554 loquar,
610 489 658 538 aut
670 489 701 538 ut
708 485 769 552 jam
780 491 845 541 ante
857 489 893 542 de
905 490 982 543 Max-

126 565 197 616 imol
216 578 333 630 quorum
344 577 399 614 non
412 560 442 612 in
455 563 593 615 sententia
605 562 698 626 solum,
711 563 761 615 sed
777 564 860 617 etiam
872 566 900 618 in
912 570 981 620 nutu

127 639 266 692 residebat
287 653 337 690 aue
337 638 442 692 toritas.
482 638 578 692 Habet
597 642 723 692 senectus
724 640 883 706 ,honorata
903 658 981 709 prae·

128 716 230 781 sertim,
239 718 347 768 tantam
361 714 553 768 auctoritatem
563 718 595 768 ut
606 731 640 767 ea
651 681 738 783 pluris
750 715 787 768 sit
797 732 878 784 quarn
888 734 981 771 omnes

129 791 331 844 adolescentiae
344 791 507 859 voluptates.

180 866 294 920 XVIII.
325 872 365 920 62.
390 867 471 920 Sed'
464 884 492 919 1n
510 867 585 920 ouini
598 868 721 922 oratione
738 874 905 923 mementote
919 887 980 923 eam

129 961 172 996 me
185 959 263 997 senec
264 947 353 997 tutem
369 942 483 996 laudare
496 960 567 1012 quae
581 943 766 997 fundamentis
778 945 980 1000 'adolescentiae

128 1021 277 1073 constItuta
302 1019 346 1072 sit.
376 1019 426 1071 lix
450 1035 504 1086 quo
523 1019 640 1072 efficitur
663 1020 692 1071 id
712 1020 786 1086 quod
810 1038 860 1088 ego
883 1038 980 1088 magno

129 1097 266 1163 quondam
285 1112 347 1148 eum
365 1111 477 1149 assensu
495 1095 615 1148 omnium
634 1094 699 1161 dixi,
718 1095 849 1149 Miseram
864 1114 923 1150 esse
939 1114 980 1150 sc·
995 1088 1009 1114 ’

129 1177 266 1226 nectutem
283 1189 398 1240 quaese
417 1172 539 1226 oratione
555 1171 725 1226 defenderet.
761 1173 824 1225 Non
841 1174 908 1238 cani,
927 1191 979 1226 non

130 1265 213 1316 rugae
231 1248 556 1316 repente-auctoritatem
575 1248 697 1316 arripere
714 1253 843 1317 possunt;
868 1250 917 1302 scd
935 1250 981 1303 he
1007 1249 1011 1256 '

116 1327 209 1377 noste
226 1328 288 1378 acta
306 1324 429 1392 superior
447 1327 522 1377 aetas
540 1324 646 1376 fructus
663 1325 737 1391 capit
752 1325 922 1378 auctoritatis
936 1343 981 1378 cx-

130 1405 238 1454 tremos
283 1407 325 1454 63.
356 1401 433 1452 Haec
457 1401 529 1452 eninr
554 1401 614 1468 ipsa
638 1403 701 1453 sunt
724 1401 892 1454 honorabilia
911 1419 981 1469 quae

129 1476 257 1529 videntur
271 1475 342 1528 levia
356 1482 440 1542 atque
452 1476 611 1535 communia,
628 1474 748 1541 salutari,
763 1477 864 1544 appeti,
877 1477 981 1543 decedi,

129 1553 243 1619 assurgi,
256 1551 364 1618 deduci,
378 1551 482 1617 reduci,
494 1549 613 1613 consuli;
632 1566 704 1618 quae
718 1554 747 1604 et
758 1551 832 1619 apud
847 1569 896 1606 nos
910 1557 938 1607 et
952 1553 980 1606 in

129 1627 190 1680 aliis
204 1628 370 1694 civitatibus,
383 1630 415 1680 ut
429 1643 555 1694 quaeque
566 1625 669 1694 optime
684 1630 798 1692 morata,
812 1627 853 1682 ita
868 1629 977 1697 diligen

129 1703 235 1757 tissime
247 1702 434 1756 observantur.
459 1701 630 1771 Lysandrum
643 1702 896 1774 Lacedaemonium,
903 1705 981 1774 eujus

129 1779 211 1831 modo
236 1778 403 1832 mentionem
426 1780 484 1845 feei,
506 1778 598 1831 dicere
617 1780 695 1833 aiunt
714 1781 824 1834 solitmn
845 1782 981 1836 Lacedae-

129 1856 237 1909 monem
250 1858 310 1909 esse
323 1854 543 1907 honestissimum
556 1854 723 1909 domicilium
736 1858 899 1911 senectutis:
917 1874 980 1911 nus-

129 1948 212 2001 quam
225 1932 296 1985 enim
309 1934 416 1985 tantum
431 1930 566 1984 tribuItur
579 1932 671 1998 aetati,
684 1948 817 2001 nusquam
832 1938 875 1987 est
889 1950 981 1987 senee-

129 2012 174 2061 tus
193 2007 357 2062 honoratior.
397 2006 572 2070 Quinetiam
596 2009 743 2062 memoriae
766 2010 905 2078 prodItum
930 2013 979 2076 est,

129 2102 214 2153 quum
230 2085 348 2140 Athenis
363 2083 435 2138 ludis
450 2083 563 2152 quidam
582 2085 611 2137 in
628 2084 767 2147 theatrum
785 2085 898 2153 grandis
913 2090 980 2138 natu

130 2164 255 2226 venisset
269 2160 298 2213 in
310 2176 409 2227 magno
421 2176 549 2213 consessu
565 2160 654 2215 locum
667 2177 802 2229 nusquam
812 2163 842 2218 ,ci
857 2161 953 2213 datum
964 2178 982 2213 a

129 2236 185 2289 suis
194 2236 312 2302 civibus;
330 2253 414 2304 quum
424 2240 516 2290 autem
529 2237 566 2289 ad
580 2237 807 2290 Lacedaemonios
816 2237 981 2299 accessisset,

129 2313 176 2381 qni
193 2313 277 2381 legati
296 2329 380 2381 quum
399 2315 490 2365 essent
508 2315 585 2366 certo
603 2312 632 2363 in
647 2312 706 2364 loeo
718 2312 905 2377 consederant,
919 2328 981 2365 con·
1000 2341 1002 2344 ·

128 2390 280 2443 surrexisse
293 2404 386 2442 omnes
399 2392 428 2442 et
439 2404 533 2443 senem
546 2386 644 2457 [illum]
656 2405 759 2442 sessum
772 2388 916 2457 recepisse.
940 2393 981 2441 64.

129 2464 234 2527 Quibus
248 2481 333 2533 quum
344 2482 360 2517 a
372 2468 469 2517 cuncto
482 2480 609 2517 consessu
622 2464 734 2533 plausus
749 2470 823 2517 esset
837 2463 980 2532 multiplex

128 2541 217 2606 datus,
237 2540 339 2592 dixisse
357 2556 392 2592 ex
409 2538 444 2592 iis
460 2540 605 2607 quendam,
622 2540 806 2594 AthenIenses
821 2541 894 2593 'scire
910 2556 980 2607 quae

129 2622 203 2669 recta
215 2619 315 2683 essent,
329 2614 379 2669 sed
393 2616 484 2668 facere
499 2615 578 2668 nolle.
614 2615 703 2669 Multa
719 2616 747 2668 in
761 2620 855 2670 nostro
867 2615 981 2683 collegio

128 2692 276 2759 praeclara,
297 2691 347 2746 sed
366 2691 417 2744 hcc
437 2691 471 2745 do
491 2708 545 2759 quo
565 2692 671 2760 agimus
687 2693 715 2745 in
732 2692 835 2761 primis,
850 2692 931 2760 quod,
948 2694 981 2743 ut

129 2770 244 2837 quisque
269 2772 362 2822 aetate
387 2768 534 2835 antecedit,
558 2769 599 2822 ita
623 2770 775 2822 sententiae
798 2768 980 2837 principatum

130 2848 205 2898 tenet
212 2865 219 2910 ;
237 2862 328 2914 nequo
343 2845 430 2898 solum
442 2844 544 2898 honore
553 2845 780 2899 antecedentibus
792 2844 841 2898 sed
853 2845 886 2898 iis
898 2845 981 2897 etiam

129 2922 175 2988 qui
188 2938 249 2975 cunr
260 2921 377 2989 imperio
390 2925 454 2975 sunt
471 2920 590 2989 majores
602 2925 670 2975 natu
683 2937 801 2987 augures
815 2924 982 2987 anteponun-

129 3000 181 3049 tur.
219 2997 295 3061 Quae
313 3001 377 3051 sunt
393 2996 479 3065 igitur
490 2997 646 3065 voluptates
660 2997 782 3065 corporis
793 3012 855 3049 cum
867 2995 982 3047 auetori-

129 3072 195 3125 tatis
211 3071 341 3139 praemiis
357 3072 575 3141 comparandae?
596 3070 697 3139 quibus
714 3071 762 3139 qui
780 3069 922 3139 splendide
939 3068 981 3120 usi

129 3150 201 3213 sunt,
224 3148 246 3200 ii
265 3149 332 3200 mihi
351 3148 481 3201 videntur
504 3147 624 3201 fabulam
644 3148 744 3200 aetatis
764 3145 908 3214 peregisse,
932 3157 982 3193 nec

129 3228 269 3289 tamqriam
290 3224 465 3278 inexercitati
485 3224 633 3276 histriones
652 3222 680 3274 in
700 3225 823 3274 extremo
845 3220 908 3269 actu
926 3231 982 3267 cor-
