2200 3450
104 144 122 192 -4
334 142 371 190 M.
390 142 517 192 TULLII
534 140 726 190 CICERONIS

105 241 158 278 non
170 223 267 292 gravis.
303 227 327 276 9.
352 223 503 291 Aptissima
515 223 624 276 omuino
636 226 708 288 suut,
726 221 814 288 Scipio
827 225 856 274 ct
868 220 951 287 Laeli,
1029 277 1033 282 ,
1092 230 1093 253 ¹

106 316 181 352 erma
194 298 342 351 senectutis
353 301 427 352 artes
445 299 707 365 exercitationesque
725 297 865 359 virtutum,
881 313 951 364 quae

106 374 134 423 in
159 371 230 423 omni
254 376 345 426 aetate
369 373 464 436 cultae,
485 373 569 442 quum
592 372 639 425 diu
656 373 826 440 multumque
844 372 951 437 vixeris,

106 445 233 504 mirificos
257 446 374 500 efferunt
396 449 508 515 fructus,
531 465 587 504 non
611 447 697 501 solum
723 447 788 515 quia
814 464 952 514 nunquam

107 520 238 574 desenmt
258 539 293 576 ne
317 527 440 577 extremo
459 524 571 592 quidem
591 526 714 590 tempore
733 522 839 589 aetatis,
859 538 952 590 quam-

108 614 190 666 quam
206 599 236 650 id
247 599 356 667 quidem
374 600 520 653 maximum
537 603 588 666 est,
605 616 700 653 verum
716 598 799 651 etiam
815 598 878 665 quia
893 612 954 649 con-

108 674 221 727 scientia
239 674 309 728 bene
328 679 404 728 actae
422 677 495 728 vitae
512 675 716 743 multorumque
733 673 803 726 bene
821 673 955 726 factorum

108 750 264 803 recordatio
277 750 476 818 jucundissima
489 755 537 804 est.

161 826 211 877 IV.
248 829 288 876 10.
312 828 372 890 ltgo
393 821 424 886 Q.
434 821 595 886 Maximum,
611 837 675 874 eum
691 821 738 888 qui
753 820 900 874 Tarentum
913 836 954 874 re

108 899 188 966 cepit,
210 898 367 951 adolescens
382 897 422 950 ita
443 896 526 950 dilexi
545 913 637 951 senem
652 900 684 950 ut
699 896 851 963 aequalem.
886 896 954 949 Erat

109 973 180 1026 enim
192 973 221 1026 iu
238 972 284 1026 illo
296 973 354 1025 viro
366 974 494 1026 comitate
506 972 616 1025 condita
627 971 755 1039 gravitas,
768 987 818 1023 nec
829 974 954 1024 senectus

108 1064 198 1101 mores
218 1051 387 1114 mutaverat;
416 1064 581 1116 quamquam
604 1064 666 1100 eum
690 1047 779 1100 colere
801 1047 877 1114 coepi
900 1063 954 1099 uon

109 1123 258 1176 admodum
269 1122 401 1191 grandem
413 1126 488 1190 natu,
503 1123 553 1176 sed
564 1126 656 1176 tamsar
665 1121 726 1190 jam
742 1125 833 1175 aetate
845 1138 955 1190 provec-

109 1201 175 1251 tum.
211 1200 293 1271 Anno
306 1199 377 1251 enim
389 1201 452 1268 post
468 1198 560 1252 consul
572 1199 690 1267 primum
706 1197 796 1250 fuerat
810 1214 892 1266 quam
904 1215 954 1264 ege

111 1277 190 1326 uatus
209 1290 276 1341 sum,
291 1290 407 1342 cumque
421 1291 453 1327 eo
471 1277 599 1342 quartum
615 1272 723 1326 consule
739 1273 954 1326 adolescentulus

110 1349 187 1402 miles
206 1349 242 1402 ed
257 1349 378 1418 Oapuam
397 1349 535 1418 profectus
555 1365 622 1416 sum,
639 1349 790 1417 quintoque
806 1365 877 1402 anno
893 1351 955 1418 pest

110 1425 146 1476 ad
164 1425 318 1478 Tarentum.
354 1425 488 1488 Quaestor
508 1424 608 1478 deinde
626 1425 802 1492 quadriennio
820 1427 884 1492 pest
901 1425 954 1482 fac·

110 1503 155 1552 tus
174 1516 241 1568 snm,
261 1517 342 1569 quem
358 1501 548 1568 magistratum
562 1500 634 1568 gessi
650 1499 804 1552 consulibus
820 1500 954 1553 Tuditano

111 1581 140 1628 et
158 1576 286 1644 Cethego,
306 1593 388 1643 quum
410 1576 520 1643 quidem
538 1575 585 1628 ille
601 1574 747 1628 admodum
764 1591 847 1628 senex
861 1591 955 1628 suasor

110 1651 178 1718 legis
195 1651 303 1705 Girrciae
318 1650 352 1704 de
367 1651 444 1704 donis
457 1655 486 1704 ct
497 1651 655 1704 muneribus
669 1651 728 1705 fuit
765 1650 820 1704 Hic
837 1654 866 1703 et
883 1651 955 1704 bella

109 1727 225 1794 gerebat
248 1730 279 1780 ut
300 1727 462 1794 adolescens,
484 1744 568 1795 quum
590 1728 671 1796 plane
693 1725 805 1795 grandis
826 1731 905 1793 esset,
925 1731 954 1780 et

83 1808 86 1815 '
112 1801 275 1856 Annibalem
282 1802 442 1869 juveniliter
454 1803 636 1857 exsultantem
647 1804 781 1871 patientia
793 1820 842 1856 sua
853 1803 954 1857 mollie-

110 1877 159 1931 bat
166 1898 173 1943 ;
190 1877 225 1931 de
238 1894 291 1945 quo
302 1878 440 1945 praeclare
450 1878 592 1933 familiaris
604 1881 697 1931 noster
709 1878 826 1931 Ennius:

207 1968 281 2016 Unus
292 1969 365 2015 hemo
376 1969 446 2017 nobis
458 1970 598 2017 cunctando
609 1970 719 2017 restituit
730 1985 789 2027 rem,

207 2030 267 2079 Non
278 2034 343 2080 enim
354 2049 463 2081 rumores
475 2035 583 2097 ponebat
594 2039 652 2082 ante
663 2033 776 2081 salntem.

208 2096 275 2159 Ergo
286 2102 389 2161 postque
400 2100 527 2161 magisque
538 2100 585 2147 viri
596 2114 662 2146 nunc
674 2098 751 2160 gloria
763 2097 845 2146 claret.

113 2187 152 2234 11.
177 2180 325 2236 Tarentum
337 2199 402 2236 vero
414 2200 468 2251 qua
479 2184 626 2251 vigilantia,
639 2199 692 2251 quo
708 2182 819 2235 consilio
835 2183 952 2251 recepit!

111 2274 194 2326 quum
207 2258 317 2327 quidem
328 2275 374 2312 me
383 2259 510 2313 audiente
523 2260 674 2329 Salinatori,
686 2259 733 2329 qui
745 2259 843 2312 amisso
855 2258 955 2333 oppido

15 2400 16 2403 Ἴ
111 2334 218 2401 legerat
229 2335 258 2387 in
269 2350 366 2399 arcem,
381 2335 509 2402 glorianti
521 2337 605 2403 atque
616 2336 655 2389 ita
667 2335 777 2400 dicenti,
790 2336 854 2389 Mea
865 2350 955 2403 opera,

112 2409 141 2471 Q.
157 2409 230 2477 Fabi,
245 2410 392 2464 Tarentum
409 2410 545 2479 recepisti,
564 2411 654 2478 Certe,
669 2411 759 2480 inquit
774 2411 876 2477 ridens,
893 2427 954 2461 nam

111 2485 160 2535 nisi
181 2488 212 2537 tu
229 2486 375 2551 amisisses,
396 2502 533 2554 uunquam
552 2487 723 2555 recepissem.
765 2486 788 2538 N
792 2503 823 2539 ec
843 2502 907 2538 vero
928 2486 955 2537 in

110 2560 193 2612 renuis
215 2560 398 2627 praestantior
419 2578 501 2629 quam
520 2562 548 2614 in
566 2565 639 2629 toga,
663 2562 710 2631 qui
734 2562 827 2615 consul
849 2561 956 2627 iterum,

111 2635 156 2703 Sp.
180 2634 296 2689 Carvilio
319 2634 423 2703 collega
445 2638 610 2704 quiescente,
635 2636 664 2691 Ο.
689 2637 823 2690 Flaminio
847 2635 956 2689 tribuno

111 2709 198 2777 plebis
216 2709 308 2777 quoad
325 2711 416 2777 potuit
434 2712 537 2765 restitit
555 2728 652 2779 agrum
671 2711 811 2765 Picentem
829 2713 858 2764 et
875 2710 958 2764 Galli-

21 2834 23 2839 .
112 2801 172 2838 eum
198 2786 300 2839 riutim
327 2790 422 2841 centra
447 2788 564 2841 Senatus
588 2788 780 2841 auctoritatem
805 2786 957 2852 dividenti3

111 2876 252 2929 augurque
264 2877 348 2929 quum
360 2866 440 2927 esset,
453 2862 543 2917 dicere
556 2880 639 2916 ausus
651 2867 694 2917 cst
708 2864 819 2931 optimis
830 2862 957 2931 auspiciis

111 2950 143 2986 ea
162 2935 221 3002 geri
240 2952 310 3004 quae
329 2952 380 3004 pro
396 2938 435 2991 rei
452 2936 577 3003 publicae
595 2938 683 2991 salute
699 2942 867 3006 gererentur,
887 2954 958 3007 qnae

110 3013 205 3063 contra
216 3010 420 3079 rempublicam
433 3012 572 3065 ferrentur
584 3018 679 3067 centra
688 3015 808 3081 auspicia
817 3014 891 3068 ferri.
918 3019 956 3066 12.

112 3084 201 3138 Multa
212 3084 240 3137 in
249 3102 281 3139 eo
293 3086 352 3140 viro
363 3087 502 3154 praeclara
513 3090 632 3157 cognovi,
647 3088 697 3142 sed
708 3089 774 3143 nihil
786 3094 830 3145 est
841 3090 958 3145 admira

112 3158 192 3213 bilius
204 3176 286 3230 quam
298 3163 434 3231 quomodo
451 3163 498 3216 ille
516 3170 633 3237 laertem
650 3166 700 3220 filii
712 3166 777 3221 tulit
787 3167 855 3222 clari
865 3165 917 3220 viri
929 3168 957 3217 ct
