2200 3450
338 187 594 237 EPISTOLARUM
612 186 714 235 LIBRI
732 186 814 236 DUO.
962 187 1003 234 ‘93

148 271 241 324 studio
256 269 379 337 Pompeii
394 269 482 322 nostri
495 269 543 338 qui
557 268 703 322 Gaesarem
719 282 780 319 sero
792 265 885 333 coepit
896 266 1003 318 timere.

149 345 237 399 Nobis
250 345 324 398 inter
339 344 388 397 has
404 345 501 398 turbas
517 348 630 398 senatus
645 348 738 397 tamen
755 342 886 410 frequens
898 342 1003 409 flagita-

147 422 190 475 vit
206 421 399 490 triumphum:¹
413 421 463 474 sed
481 421 616 474 Lentulus
632 419 735 485 consul,
747 435 802 488 quo
818 417 907 485 majus
924 434 1002 470 suum

148 495 314 551 beneficium
330 498 443 565 faceret,
455 497 536 550 simul
555 501 639 565 atque
651 495 809 564 expedisset
823 510 894 563 quae
912 498 1004 547 essent

149 573 305 627 necessaria
319 574 355 626 de
371 588 403 626 re
419 572 529 642 publica
546 572 619 625 dixit
635 589 665 626 se
682 572 841 626 relaturum.
877 569 935 622 Nos
947 568 1004 636 agi-

148 666 209 704 mus
233 649 301 703 nihil
320 649 427 719 cupido,
450 666 538 718 eoque
558 651 601 702 est
621 653 715 702 nostra
734 648 822 717 pluris
846 647 1003 700 auctoritas.

149 725 248 780 Italiae
267 726 393 794 regiones
410 725 560 793 discriptae
579 729 644 779 sunt
661 742 743 794 quam
760 724 878 793 quisque
896 725 1003 791 partem

148 805 283 856 tueretur.
308 801 382 855 lios
407 801 529 870 Capuam
560 801 733 869 sumpsimus.
779 801 857 853 Haec
881 803 910 854 te
935 797 1003 852 sciro

141 878 227 932 uolui.
262 878 303 931 'lu
316 879 401 932 etiam
418 881 503 946 atque
512 879 603 932 vetiam
621 894 686 932 eura
702 880 734 931 ut
750 877 841 931 valeas
853 876 1003 943 literasquo

149 956 186 1008 ad
201 973 246 1009 mo
262 955 358 1009 mittas
377 955 605 1023 quotiescumque
622 955 736 1008 habebis
756 954 799 1007 cui
818 952 875 1007 des.
911 951 1003 1004 Etiam

147 1037 232 1099 atquo
245 1032 328 1084 otiam
340 1030 407 1086 vale.
445 1031 478 1083 l).
490 1032 581 1099 pridie
595 1031 663 1084 Idus
677 1031 739 1086 Jan.

251 1149 274 1195 3.
310 1147 346 1196 M.
366 1148 456 1196 CATO
473 1148 498 1198 S.
518 1149 551 1197 D.
571 1148 610 1196 M.
629 1147 799 1196 CICERONI
817 1147 894 1194 IMP.

414 1240 467 1299 (xv,
486 1240 509 1285 5.
544 1250 571 1285 n.
586 1249 612 1286 u.
626 1249 648 1284 c.
668 1239 734 1296 704.)

148 1333 228 1398 Quod
249 1339 278 1389 ct
297 1353 342 1388 res
366 1335 476 1403 publiea
494 1353 538 1388 me
563 1340 592 1388 ct
610 1339 704 1388 nostra
724 1334 844 1388 amicitia
867 1334 1004 1398 hortetur,

147 1406 266 1464 libenter
283 1411 360 1477 facio,
378 1414 505 1463 uttuam
521 1410 661 1476 virtutem,
680 1411 870 1476 innocentiam,
890 1409 1004 1476 diligen-

148 1487 223 1558 tiam,
242 1487 380 1554 cognitam
398 1486 426 1538 in
444 1486 571 1540 maximis
589 1484 680 1553 rebus,
698 1486 773 1540 domi
791 1485 887 1553 togati,
905 1485 1003 1538 armati

148 1561 222 1628 foris,
252 1561 312 1630 pari
342 1561 480 1615 industria
508 1563 697 1617 administrari
725 1562 868 1630 gaudeam.
904 1560 1004 1629 Itaque

149 1638 223 1705 quod
239 1654 290 1706 pro
307 1653 368 1692 meo
383 1638 489 1705 jndicio
506 1640 597 1693 faeere
615 1639 704 1707 potui,
721 1642 752 1690 ut
773 1637 928 1690 innocentia
942 1637 1004 1690 cori-

148 1714 263 1783 silioquo
284 1716 332 1768 tuo
353 1713 494 1767 defensam
518 1714 693 1783 provinciam,
712 1717 851 1768 servatum
873 1711 1004 1767 Ariobar-

148 1793 223 1843 zanis
246 1807 308 1844 cum
329 1791 387 1859 ipso
406 1807 473 1858 rege
491 1807 614 1858 regnum,
635 1792 769 1845 sociorum
793 1794 949 1845 revocatam
968 1788 1004 1843 ad

149 1866 272 1920 studium
295 1866 403 1935 imperii
426 1867 513 1920 nostri
537 1867 714 1934 voluntatem,
733 1862 871 1922 sententie
894 1884 957 1921 mea
975 1871 1005 1920 ct

149 1941 261 1995 decreto
273 1942 422 2008 laudarem,
434 1943 494 1998 feci.
530 1944 763 2013 Supplicationem
772 1944 924 2011 decretam,
938 1944 961 1996 si
973 1946 1004 1995 tu

150 2019 244 2087 quain
258 2036 289 2073 re
303 2019 372 2072 nihil
388 2019 502 2074 fortuito
518 2020 569 2073 sed
586 2037 693 2075 summa
709 2025 758 2075 tua
774 2021 880 2074 ratione
896 2023 925 2073 et
942 2025 1004 2073 'con-

148 2095 265 2148 tinentia
286 2094 470 2164 reipublicae
490 2096 702 2164 provisumest
723 2098 777 2151 diis
802 2094 1004 2150 immortalibus

147 2169 280 2237 gratulari
292 2187 341 2224 nos
354 2188 436 2240 quam
448 2171 499 2225 tibi
512 2174 616 2227 referre
627 2177 771 2243 acceptum
785 2173 878 2241 mavis,
887 2172 1004 2239 gaudeo.

149 2247 270 2311 Quodsi
288 2248 421 2316 triumphi
436 2250 658 2317 praerogativam
677 2254 759 2318 putas
778 2248 1003 2318 supplicationem

149 2322 297 2377 etidcirco
313 2339 407 2377 casum
422 2324 516 2392 potius
532 2341 615 2393 quam
629 2328 659 2379 te
678 2325 785 2379 laudari
805 2327 898 2392 mavis,
914 2342 1004 2394 neque

148 2399 375 2470 supplicationem
387 2401 514 2468 sequitur
526 2418 636 2469 semper
647 2402 810 2471 triumphus
823 2406 853 2456 et
865 2402 1003 2471 triumpho

148 2476 235 2528 multo
259 2475 357 2528 clarius
381 2480 432 2543 est,
456 2481 582 2531 senatum
607 2477 736 2546 judicare
763 2479 855 2547 potius
879 2494 1029 2549 mansue-⁸

148 2551 246 2605 tudine
268 2556 297 2605 ot
317 2552 472 2605 irascentis
489 2552 665 2621 imperatoris
688 2555 853 2623 provinciam
874 2571 955 2623 quam
977 2554 1003 2607 ri

147 2628 266 2682 militum
285 2632 334 2682 aut
353 2628 527 2696 benignitate
545 2629 662 2684 deorum
683 2634 820 2685 retentam
840 2634 925 2699 atque
942 2647 1001 2685 con·

148 2708 286 2759 seruatam
312 2721 389 2759 esse:
419 2705 495 2774 quod
520 2722 572 2775 ego
596 2723 659 2761 mea
686 2709 824 2764 sententia
848 2708 1001 2762 censebam.

149 2783 246 2849 Atque
268 2782 335 2835 haec
353 2798 406 2850 ego
425 2782 528 2837 idcirco
548 2783 586 2837 ad
606 2787 636 2839 te
658 2787 754 2839 contra
777 2784 1003 2838 consuetudinem

148 2873 240 2911 meam
255 2858 379 2927 pluribus
392 2859 488 2929 scripsi
503 2863 543 2927 ut,
556 2861 631 2929 quod
647 2862 765 2916 maxime
780 2861 848 2928 volo,
862 2862 1003 2915 existimes

148 2949 194 2986 me
208 2933 334 2989 laborare
349 2938 382 2989 ut
396 2936 449 2989 tibi
465 2937 647 3005 persuadeam
664 2954 708 2991 mo
725 2941 755 2991 ct
769 2938 887 2991 voluisse
905 2938 941 2992 de
955 2940 1002 2991 tua

148 3009 296 3077 majestate
308 3012 383 3080 quod
395 3011 594 3081 amplissimum
610 3014 661 3067 sim
673 3014 831 3081 arbitratus,
844 3017 873 3068 et
885 3013 959 3083 qnod
972 3016 1001 3067 tu

148 3086 270 3140 maluisti
290 3087 394 3141 factum
415 3105 476 3142 esso
490 3084 620 3159 gaudere.
656 3089 735 3159 Vale,
751 3096 782 3146 et
797 3107 847 3145 nos
864 3090 956 3157 diligo,
973 3093 1002 3141 ct

148 3162 277 3217 instituto
288 3164 389 3218 itinere
402 3165 579 3221 severitatem
592 3167 817 3237 diligentiamque
829 3166 908 3220 sociis
921 3170 950 3218 ot
962 3166 1001 3219 roi

148 3240 273 3353 puplicae
285 3246 402 3310 praesta.
