2200 3450
162 396 435 500 arlatensis
464 395 653 482 QUINTUM
681 392 876 467 FRATREM.

263 542 536 609 (1111111111,
557 539 618 593 un.
638 554 656 592 1.
674 539 722 592 n».
742 538 773 602 1.)

426 707 623 717 ———.-

304 835 463 890 MARCUS
484 835 685 900 (1111111111
706 835 733 889 S.

146 950 170 1004 1,
189 957 209 1003 l.
234 953 300 1006 Ersr
315 970 368 1006 non
380 953 540 1008 dubitabam
553 954 619 1023 quin
630 953 700 1006 hanc
711 952 854 1020 epistolam
865 949 944 1004 multi

93 1026 188 1092 nuntii,
200 1027 273 1080 fama
285 1028 404 1096 denique
416 1034 489 1084 esset
501 1031 560 1100 ipsa
567 1047 617 1083 sua
625 1029 767 1082 celeritate
777 1029 943 1096 superatura,

93 1112 178 1169 tuque
206 1107 270 1156 aute
294 1104 329 1157 ab
354 1106 415 1159 aliis
438 1106 582 1160 auditurus
606 1122 680 1159 esses
704 1121 804 1158 annum
831 1102 944 1156 tertium

92 1177 236 1232 accessisse
252 1179 389 1234 desiderio
401 1185 494 1235 nostro
508 1186 537 1236 et
553 1181 640 1236 labori
658 1185 725 1246 tuo;
741 1185 833 1234 tamen
852 1178 945 1233 existi·

92 1253 164 1305 mavi
176 1271 193 1306 a
204 1271 249 1308 me
261 1273 371 1324 quoque
383 1258 435 1310 tibi
447 1258 528 1327 hujus
539 1258 681 1324 molestiae
692 1257 818 1310 nuntium
829 1253 944 1324 perferri

92 1334 229 1397 oportere.
277 1332 349 1386 Nam
377 1334 564 1403 superioribus
592 1333 693 1388 litteris
721 1349 775 1386 non
806 1332 866 1384 unis
895 1330 944 1384 sed

92 1405 223 1473 pluribus,
235 1426 320 1477 quum
327 1409 388 1477 jam
404 1411 439 1463 ab
455 1410 515 1464 aliis
532 1410 678 1478 desperata
694 1425 739 1462 res
755 1411 836 1474 esset,
854 1411 945 1460 tamen

93 1481 145 1534 tibi
157 1500 208 1551 ego
220 1501 297 1552 spem
309 1489 433 1540 maturae
446 1485 612 1540 decessionis
623 1484 779 1552 afferebam,
792 1501 845 1536 non
858 1483 944 1536 solum

92 1561 226 1627 utquam
249 1560 402 1616 diutissime
426 1568 455 1617 te
474 1562 598 1630 jucunda
621 1561 747 1630 opinione
772 1560 945 1626 oblectarem,

76 1634 142 1687 -sod
167 1637 251 1689 etiam
281 1635 346 1705 quia
374 1642 453 1692 tanta
479 1637 665 1692 adhibebatur
688 1641 717 1690 11
740 1655 757 1689 a
780 1634 859 1689 nobis
881 1639 945 1688 eta

92 1712 267 1778 praetoribus
290 1715 428 1769 eontentio
446 1718 479 1769 ut
502 1732 560 1767 rem
585 1731 664 1783 posse
688 1713 781 1767 confici
803 1730 856 1765 non
877 1711 946 1764 diffi-

92 1786 194 1840 derem.
230 1795 253 1841 2.
272 1788 298 1841 N
300 1807 352 1843 unc
364 1791 493 1859 quoniam
505 1792 546 1844 ita
558 1790 658 1844 accidit
666 1793 698 1842 ut
707 1806 796 1857 neque
805 1792 946 1857 praetores

93 1863 149 1915 suis
160 1863 258 1931 opibus
270 1882 360 1934 neque
372 1884 422 1920 nos
433 1871 528 1921 nostro
543 1866 635 1920 studio
651 1864 800 1935 quidquam
815 1865 946 1933 prolicere

92 1954 240 2007 possemus,
264 1945 308 1996 est
328 1943 436 1996 omnino
459 1942 569 1997 difficile
589 1959 643 1996 non
668 1941 789 2009 graviter
810 1940 840 1993 id
859 1941 946 2003 ferre;

92 2014 143 2066 sed
154 2018 245 2069 tamen
257 2028 366 2072 nostros
375 2019 480 2072 animos
492 2019 617 2072 maximis
629 2018 658 2071 in
675 2017 757 2072 rebus
774 2021 803 2071 et
818 2017 946 2084 gerendis

92 2094 122 2143 ct
134 2092 301 2147 sustinendis
320 2096 485 2149 exercitatos
503 2096 595 2163 frangi
613 2097 642 2148 et
662 2093 802 2147 debilitari
821 2093 947 2147 molestia

92 2184 145 2219 non
158 2172 273 2236 oportet
309 2171 347 2224 Et
358 2172 485 2241 quoniam
498 2188 531 2225 ea
542 2170 733 2225 molestissime
745 2171 817 2223 ferre
824 2170 946 2223 homines

92 2242 196 2298 debent
208 2262 278 2313 quae
289 2248 410 2316 ipsorum
422 2248 502 2317 culpa
513 2250 654 2301 eontracta
671 2250 740 2311 sunt
753 2249 797 2299 111
815 2245 947 2314 quiddam

94 2320 121 2372 in
135 2321 226 2375 haere
238 2324 305 2376 mihi
317 2324 459 2377 molestius
471 2323 614 2377 ferendum
635 2339 717 2391 quam
736 2322 796 2375 tibi.
832 2321 947 2375 Factum

92 2401 136 2449 111
147 2398 220 2450 enim
231 2416 294 2453 mea
305 2400 391 2472 culpa,
404 2403 497 2453 contra
509 2416 591 2468 quam
608 2402 640 2451 tu
656 2414 762 2451 mecum
779 2401 809 2452 et
826 2396 948 2467 proficis-

93 2490 157 2525 cens
176 2476 205 2527 et
224 2491 274 2541 per
293 2475 401 2529 litteras
424 2492 528 2543 egeras,
552 2478 585 2527 ut
605 2474 696 2543 priore
720 2490 790 2527 anno
814 2491 868 2526 non
889 2488 948 2526 suo-

94 2550 246 2603 cederetur.
283 2551 364 2614 Quod
387 2568 446 2619 ogo,
470 2552 537 2604 dum
559 2551 641 2605 saluti
671 2550 806 2603 sociorum
829 2549 947 2623 consulo,

94 2626 160 2678 (111111
184 2626 371 2695 impudentiae
394 2627 585 2681 nonnullorum
608 2627 809 2695 negotiatorum
838 2627 946 2691 resisto,

95 2701 161 2755 dum
182 2705 304 2755 nostram
322 2703 438 2770 gloriam
457 2706 507 2756 tua
528 2703 633 2757 virtute
656 2702 750 2771 augeri
770 2706 876 2769 expeto,
895 2700 948 2755 loci

93 2794 147 2830 nou
176 2778 323 2846 sapienter,
348 2780 511 2847 praesertim
540 2795 624 2847 quum
653 2779 683 2831 id
707 2779 888 2831 commiserim
915 2780 949 2831 ut

94 2853 140 2905 1111
165 2854 237 2906 alter
259 2870 346 2907 annus
373 2855 457 2909 etiam
483 2855 596 2909 tertium
624 2858 717 2923 posset
740 2853 886 2908 adducere.
923 2860 948 2908 3.

95 2928 175 2993 Quod
203 2928 330 2997 quoniam
357 2934 500 2999 peccatum
528 2946 619 3001 meum
649 2946 708 2983 esse
736 2929 876 2995 confiteor,
905 2934 949 2985 est

95 3004 245 3071 sapientiae
267 3008 352 3074 atque
370 3006 549 3060 humanitatis
565 3010 630 3059 tuac
653 3021 749 3057 curare
769 3008 799 3058 et
817 3004 950 3075 perficere

95 3084 128 3134 111
139 3081 190 3134 hoc
205 3080 295 3134 miuus
311 3083 450 3151 sapienter
468 3098 486 3134 a
505 3098 550 3135 me
573 3082 711 3149 provisum
733 3080 877 3147 diligentia
900 3085 951 3137 tua

94 3158 253 3238 corrigatur.
293 3160 333 3211 Ac
346 3160 368 3210 si
381 3161 410 3211 te
423 3158 481 3224 ipsc
493 3157 680 3210 vehementius
692 3156 727 3209 ad
744 3172 838 3209 omncs
854 3161 949 3224 [111111
