2200 3450
95 149 127 194 tc
321 148 357 196 M.
377 145 503 196 TULLII
526 150 719 198 CICERONIS

96 247 180 284 annos
198 246 258 283 csso
276 230 420 284 duxerunt.
456 232 535 295 Quod
554 233 598 283 ost
615 231 702 283 multo
720 229 843 297 profecto
860 231 947 299 magis

96 308 125 359 in
143 306 214 358 veris
232 306 357 374 putribus
378 306 515 373 certisque
537 305 699 358 faciendum.
735 303 854 358 Fructus
875 308 947 358 enim

97 385 199 453 ingenii
214 389 243 437 et
256 383 367 437 virtutis
382 383 524 451 omnisque
538 383 725 451 praestantiae
740 387 799 436 tum
814 384 949 437 maximus

97 461 204 528 capitur
216 476 300 527 quum
313 459 340 511 in
353 459 507 525 proximum
520 475 658 525 quemque
670 459 816 512 confertur.

151 535 211 588 XX.
231 540 270 592 71.
290 535 329 588 Ut
344 534 428 601 igitur
442 533 461 586 ii
477 533 604 602 qui-sunt
621 533 648 606 in
667 534 805 587 amicitiae
822 533 949 601 conjunc-

97 611 235 678 tionisque
255 609 457 663 necessitudine
478 609 641 678 superiores,
663 625 817 678 exaequare
838 626 868 662 sc
887 626 949 662 cum

96 685 270 738 interioribus
288 685 399 751 debent,
419 685 457 738 sic
474 685 619 738 inferiores
634 701 687 738 non
704 685 798 738 ddlere
814 703 844 738 se
860 702 877 738 a
893 685 949 738 suis

96 766 145 814 ant
157 761 266 828 ingenio
278 765 326 814 aut
339 761 448 813 fortuna
460 763 508 813 aut
521 761 656 827 dignitate
669 761 799 829 superari.
826 761 948 824 Quorum

97 838 219 904 plerique
248 840 297 889 aut
327 839 480 903 queruntur
510 852 618 902 semper
647 836 753 904 aliquid
782 841 830 890 aut
864 838 947 889 etiam

96 912 281 981 exprobrant;
302 927 389 979 eoque
410 911 504 977 magis,
527 911 549 962 si
571 911 674 965 habere
698 929 729 966 se
752 915 851 980 putant
874 911 947 979 qnod

96 987 213 1041 officiose
237 990 266 1041 et
289 987 375 1040 amice
399 991 428 1039 ot
451 1002 512 1039 cum
537 986 630 1040 labore
654 987 745 1058 aliquo
771 1003 820 1040 suo
845 988 947 1040 factum

96 1066 199 1130 queant
219 1063 317 1116 dicero.
354 1061 484 1115 Odiosum
506 1079 571 1115 sune
591 1079 678 1130 genus
697 1062 836 1116 hominum
861 1064 948 1116 officia

96 1138 329 1207 exprobrantium,
340 1155 410 1205 quae
419 1137 576 1190 meminisse
587 1138 672 1191 debet
683 1138 707 1191 is
718 1138 746 1191 in
756 1155 838 1207 quem
849 1139 948 1192 collata

96 1219 168 1280 sunt,
180 1231 234 1267 non
251 1230 462 1266 commemorare
480 1213 526 1280 qui
544 1213 680 1267 contulit·
705 1216 745 1270 72.
764 1214 946 1278 Quamobrem

97 1297 128 1343 ut
151 1290 171 1342 ii
198 1288 245 1359 qui
272 1290 426 1358 superiores
453 1293 517 1342 snmt
543 1287 708 1343 submittere
734 1306 764 1343 se
790 1289 894 1344 debent
919 1292 946 1342 in

96 1366 222 1432 amicitia,
241 1366 280 1419 sic
298 1365 416 1433 quodam
437 1365 518 1417 niodo
539 1365 681 1418 inferiores
702 1366 840 1420 extollere.
877 1366 948 1420 Sunt

96 1443 168 1495 ennn
181 1443 293 1510 quidam
306 1441 353 1510 qui
370 1441 499 1494 molestas
515 1441 650 1494 amicitias
667 1441 777 1510 faciunt,
794 1458 878 1510 quum
895 1442 947 1510 ipsi

96 1534 126 1570 se
139 1518 274 1573 contemni
286 1521 399 1585 putant;
411 1516 486 1584 quod
498 1533 552 1568 non
564 1517 622 1569 iore
633 1514 770 1584 contingit
781 1512 836 1569 'nisi
851 1517 884 1569 iis
899 1518 947 1584 qni

96 1595 179 1648 etiam
199 1592 411 1646 contemnendos
431 1609 461 1644 se
481 1591 657 1658 arbitrantur,
680 1593 727 1660 qui
748 1592 799 1645 hac
820 1593 947 1661 opinione

97 1687 150 1721 non
172 1669 253 1722 modo
274 1669 365 1722 verbis
387 1668 539 1721 sedetiam
561 1685 644 1736 opere
668 1668 776 1721 levandi
800 1673 871 1722 sunt.
907 1674 947 1725 73.

96 1746 214 1798 Tantum
232 1749 324 1798 autem
342 1745 440 1812 cuique
458 1744 643 1812 tribuendum,
664 1746 790 1813 primum,
812 1749 945 1814 quantum

57 1876 59 1881 ,
96 1820 155 1888 ipse
173 1820 284 1884 efficere·
296 1820 400 1887 possis;
418 1820 519 1873 deindo
538 1822 629 1887 etiam,
647 1819 780 1889 qnantum
798 1822 844 1874 ille
865 1839 945 1889 quem

97 1896 195 1963 diligas
213 1899 296 1963 atquc
315 1894 429 1963 adjuves
448 1896 592 1949 sustinere·
630 1892 691 1949 Non
710 1896 782 1949 enim
800 1900 832 1950 tn
852 1898 946 1964 possis,

96 1971 222 2040 quumvis
237 1970 302 2025 licet
319 1972 441 2035 excellas
458 1986 552 2025 omnes
570 1975 632 2025 tuos
649 1971 686 2023 ud
703 1971 820 2025 honores
838 1973 946 2040 amplis-

96 2048 179 2101 simos
195 2047 361 2116 perducore3
379 2051 410 2101 ut
420 2048 510 2116 Scipio
521 2048 549 2101 P.
561 2048 701 2115 Rupilium
710 2048 802 2115 potuit
810 2049 946 2100 consulein

95 2124 210 2190 efficere,
235 2124 349 2177 fratrem
376 2123 435 2191 ejus
463 2124 576 2177 Lucium
603 2141 657 2176 non
671 2124 781 2191 -potuit
818 2124 897 2187 Quod
923 2125 945 2175 si

96 2200 179 2252 etiam
194 2200 282 2268 possis
297 2200 405 2268 quidvis
421 2199 529 2253 deferre
546 2200 582 2252 ad
597 2200 721 2266 alterum,
738 2199 887 2273 videndum
903 2207 947 2253 est

96 2280 188 2329 tamen
201 2276 268 2342 qnid
282 2275 328 2329 ille
341 2276 428 2343 possit
443 2276 585 2329 sustinere·
621 2274 797 2332 'lt-'Omnino
811 2275 946 2329 amicitiae

96 2351 278 2404 corroboratis
285 2351 345 2419 jam
358 2351 578 2419 confirmatisque
594 2356 622 2405 ct
636 2351 752 2419 ingeniis
767 2355 795 2404 et
809 2351 947 2404 aetatibus

93 2426 259 2491 judicandae
278 2430 350 2495 sunt,
370 2443 421 2479 neo
433 2426 456 2478 si
472 2426 519 2495 qui
536 2427 649 2480 incunte
666 2430 758 2480 aetate
769 2426 886 2480 venandi
899 2431 946 2479 aut

96 2501 166 2569 pilae
181 2501 296 2554 studiosi
310 2503 429 2566 fuerunt,
444 2518 490 2554 eos
504 2502 606 2555 habere
620 2502 786 2555 necessarios
803 2518 871 2571 quos
886 2505 947 2553 tum

96 2576 191 2629 eodem
218 2577 310 2630 studio
334 2577 474 2645 praeditos
499 2576 672 2642 dilexcrnnt3
696 2577 750 2630 isto
773 2578 845 2631 enim
865 2576 946 2629 modo

96 2652 216 2705 nutrices
234 2656 263 2705 et
280 2647 430 2721 paedagogi
444 2650 509 2719 jure
531 2655 677 2705 vetustatis
697 2653 853 2721 plurimum-
865 2652 946 2705 bene-

96 2728 230 2781 uolentiae
242 2728 431 2796 postulabunt:
450 2728 497 2796 qni
509 2728 663 2795 negligendi
676 2729 789 2797 quidem
805 2745 858 2781 non
875 2732 945 2793 sunt,

96 2803 217 2855 sedulio
239 2804 358 2870 quodam
379 2804 474 2857 modo:
496 2804 577 2857 aliter
597 2799 733 2857 amicitiae
755 2804 867 2857 stabiles
887 2819 947 2871 per-

96 2894 207 2930 manere
227 2894 281 2930 non
305 2883 426 2946 possunt.
463 2878 593 2946 Disparos
617 2880 688 2931 enim
712 2895 802 2931 mores
827 2879 947 2945 disparia

96 2953 187 3006 studia
207 2957 360 3021 sequuntur
380 2970 496 3021 quornm
517 2951 709 3006 dissimilitudo
731 2954 859 3005 dissociat
880 2953 947 3004 ami-

96 3028 192 3090 citias;
218 3045 268 3081 nec
294 3029 329 3082 ob
359 3029 439 3082 aliam
466 3044 575 3080 cansam
603 3028 686 3081 ullam
711 3028 776 3079 boni
806 3026 945 3094 improbis,

96 3102 212 3171 improbi
228 3103 307 3157 bonis
321 3105 399 3158 amici
416 3120 476 3156 esse
494 3118 547 3155 non
565 3106 687 3171 possunt,
704 3102 755 3154 nisi
775 3102 850 3169 quod
867 3105 947 3155 tanta

96 3182 140 3231 est
154 3180 226 3231 inter
240 3194 286 3232 eos
301 3183 404 3247 quanta
418 3178 537 3231 maxima
550 3180 644 3244 potest
659 3192 719 3229 esse
735 3192 841 3229 morum
858 3177 946 3230 studi-
