2200 3450
99 162 145 208 112
179 158 368 208 crcsuours
384 143 640 208 sersrouusuu
658 157 758 206 urum
775 157 857 206 ouo

99 242 196 295 Flacco
203 240 348 294 Volumnio
356 238 564 305 dederas3duss
571 240 706 306 pleniores
713 255 829 309 querum
836 239 950 294 alteram

98 317 259 372 tabellarius
270 317 300 370 Τ.
312 315 388 369 Vibii
399 315 503 383 attulit,
517 316 632 368 alterum
645 314 681 368 ud
695 331 741 369 me
756 315 832 368 misit
851 315 949 384 Lupus,

99 396 141 447 Ex
159 394 214 446 tuis
230 393 318 446 litoris
337 395 367 447 et
386 409 420 446 ex
442 392 566 446 Grueceii
587 392 709 445 oratione
729 407 782 444 non
797 391 878 444 modo
897 408 951 445 non

98 469 259 523 restinctum
266 468 367 522 bellum
380 469 429 522 scd
441 468 525 521 etitem
537 467 735 521 inflammatum
747 467 863 521 videtur.
888 467 914 520 N
917 483 951 521 on

99 545 196 599 dubito
212 548 305 598 cutem
323 561 373 613 pro
388 547 437 596 tua
451 543 581 612 singulari
601 543 749 612 prudentia
766 543 832 611 quin
849 543 952 613 perspi-

99 620 162 689 ciat,
178 620 202 674 si
216 620 321 689 aliquid
332 620 470 673 fimritotis
480 623 577 672 noctus
590 619 626 672 sit
639 619 783 683 Antonius,
798 620 887 672 onmia
903 624 952 674 tue

98 697 146 749 illa
164 696 305 765 praeclara
322 696 350 748 in
370 712 428 748 rem
443 695 579 764 publicem
593 694 692 748 merita
706 695 742 748 ud
761 695 874 748 nihilum
891 713 951 749 esse

99 776 221 826 venturu
245 771 369 825 Itaeuim
378 771 492 823 Romam
501 773 561 823 erat
569 771 733 836 nuntiatum,
743 772 782 824 ite
790 788 951 839 persuasum

99 847 230 911 omnibus,
251 863 313 900 cum
336 847 429 915 paucis
452 845 564 898 inermis
587 846 742 913 perterritis
766 851 842 899 metu
864 847 951 902 fracto

93 924 189 976 *animo
200 923 303 990 fugisse
315 921 473 975 Antonium.
511 920 563 984 Qui
576 921 786 975 siitcsehsbct
803 926 842 989 ut,
859 941 952 992 quem·
1047 935 1051 942 ·
1089 915 1090 938 ¹

100 998 248 1050 admodum
268 995 413 1049 audiebam
434 996 470 1049 do
492 996 630 1063 Graeceio,
646 997 752 1064 confligi
768 1014 829 1051 cum
846 1015 878 1052 eo
893 1000 951 1054 sine

100 1073 220 1142 periculo
232 1089 286 1125 non
297 1073 393 1141 possit,
403 1089 457 1125 uon
463 1072 511 1125 ille
519 1071 694 1140 mihifugissc
703 1089 719 1126 a
727 1073 834 1126 Mutine
841 1075 951 1130 videtur

101 1149 151 1203 scd
168 1148 256 1203 locum
273 1148 338 1202 belli
355 1149 470 1216 gerendi
488 1152 618 1216 mutasse
653 1149 753 1218 Itaque
767 1150 890 1204 homines
905 1153 950 1206 eiii

100 1227 166 1280 facti
178 1229 255 1291 sunt3
271 1225 393 1279 nonnulli
404 1225 487 1278 etiam
499 1229 652 1294 queruntur
663 1225 738 1294 quod
749 1228 885 1294 persecuti
897 1245 950 1281 non

15 1303 18 1307 ’
102 1303 168 1356 sitis.
217 1301 342 1371 Opprimi
365 1301 493 1371 potuisse,
521 1302 545 1355 si
569 1301 694 1356 celeritas
720 1301 843 1356 adhibite
869 1309 950 1373 esset,

101 1379 265 1433 existimant.
303 1377 419 1432 Omnino
435 1382 479 1432 est
495 1379 546 1432 hoc
557 1379 656 1448 popuii,
673 1380 845 1448 maximeque
856 1382 950 1446 nostri,

100 1456 345 1523 inoopotissimum
355 1455 623 1524 abutiliberteteper
632 1472 713 1524 quem
723 1473 782 1509 eam
790 1460 950 1510 consecutus

102 1531 147 1585 sit.
182 1531 237 1586 Sed
249 1535 341 1585 tamen
352 1531 550 1601 providendum
570 1535 663 1585 estne
679 1548 733 1602 qua
746 1531 824 1600 juste
840 1533 950 1601 querele

102 1625 163 1662 csso
172 1609 266 1677 possit.
304 1609 359 1662 Res
367 1611 400 1662 'se
413 1609 451 1662 sic
462 1607 552 1661 habet.
590 1609 620 1661 Is
630 1607 731 1662 bellum
744 1609 891 1664 confecerit
903 1610 950 1677 qui

104 1685 254 1739 Antonium
266 1684 439 1754 oppresserit.
476 1683 538 1736 Hoc
551 1701 632 1752 quam
649 1684 704 1738 rim
720 1684 820 1739 habeat
835 1688 864 1739 tc
880 1685 950 1740 exis·

81 1793 86 1801 ι
103 1760 201 1815 timore
212 1761 283 1815 mulo
295 1777 377 1829 quem
385 1777 429 1813 mc
441 1760 563 1827 apertius
575 1759 700 1813 scribere.
