2200 3450
344 111 600 195 nrisronaaum
617 145 720 194 nrum
738 146 822 196 uuo.
980 151 1011 196 ee

228 236 269 308 as
303 259 338 309 n.
358 258 503 309 encres
521 261 599 312 rme.
618 261 687 311 eos
707 260 849 312 unsren.
867 261 893 311 s.
911 259 946 313 ιι.

492 341 672 392 crunnum.

431 440 483 504 (ιι.
497 443 522 492 4.
556 456 581 492 n.
593 455 620 498 u.
632 455 656 492 o.
670 443 737 506 710.)

152 517 187 571 Si
199 518 235 572 de
246 522 295 572 tua
306 520 335 572 in
346 536 391 573 me
402 520 545 576 voluntate
558 523 723 591 dubitarem,
735 523 830 578 multis
845 539 864 578 a
879 527 909 579 te
920 523 1011 578 verbis

155 599 279 661 peterem
292 600 324 648 ut
336 596 500 664 dignitatem
512 615 601 652 meam
613 602 732 654 tuerere.
767 599 823 654 Sed
835 601 956 669 profecto
969 606 1011 654 est

154 671 203 737 ita,
221 674 254 723 ιιι
272 671 339 746 mihi
357 673 488 741 persuasi,
508 690 553 729 me
572 674 625 730 tibi
642 692 702 730 esse
722 693 810 730 curuo.
828 695 832 704 ·
848 675 1011 743 Progressus

155 763 216 799 sum
228 747 265 800 ad
278 747 416 816 Inalpinos
427 765 490 802 eum
501 751 633 818 exercitu,
647 745 700 804 non
713 755 771 804 tam
784 767 882 804 nomen
895 751 1011 820 impera-

155 825 258 878 terium
266 829 379 894 captans
387 828 470 895 quam
477 828 590 895 cupiens
598 827 730 880 militibus
737 827 1011 896 satisfacere,firmos

152 902 211 969 'que
229 919 276 956 eos
294 903 332 957 ad
349 905 468 958 tuendas
491 908 600 960 nostres
624 922 669 960 res
692 905 808 958 officere.
845 904 925 968 Quod
938 903 1011 958 'mihi

155 979 251 1033 videor
262 986 437 1048 consecutus;
451 1000 515 1036 nam
529 987 561 1037 ot
572 983 765 1037 liberalitatem
777 986 897 1036 nostram
913 984 944 1035 et
955 981 1011 1034 ani-

154 1070 229 1108 rnum
240 1060 307 1111 sunt
317 1059 434 1127 experti.
468 1059 539 1114 Cum
550 1061 672 1113 omnium
683 1059 897 1114 bellicosissimis
909 1053 1011 1112 bellurn

77 1175 90 1200 ,
153 1132 244 1199 gessi;
270 1134 358 1189 multa
376 1135 492 1190 castella
510 1136 587 1205 cepi;
613 1136 701 1190 multe
721 1135 853 1189 vastaris*
867 1135 930 1188 Non
952 1134 1011 1188 sine

153 1223 236 1262 eausa
249 1211 288 1264 ad
301 1215 427 1266 senatum
439 1210 535 1266 literas
546 1211 618 1266 misi.
656 1211 769 1280 Adjura
780 1227 830 1264 uos
840 1213 891 1264 tua
902 1214 1010 1264 senten-

154 1283 203 1352 tia,
214 1287 289 1354 quod
306 1305 393 1356 quum
412 1288 502 1354 facies,
514 1305 549 1342 ex
567 1303 667 1355 magna
684 1291 764 1356 parte
785 1285 920 1340 communi
937 1301 1010 1338 eom-

155 1361 236 1418 modo
248 1362 412 1424 inservieris.

219 1482 259 1530 m.
294 1482 331 1530 m.
350 1483 478 1546 menno
494 1483 528 1533 n.
546 1481 667 1532 annno
683 1482 754 1548 cos
771 1481 845 1533 Dus
865 1481 891 1532 s.
909 1481 943 1532 1).

154 1657 216 1712 Etsi
227 1659 295 1712 mihi
307 1661 372 1714 ttae
385 1581 792 1729 Htgsseljheuhdlmlmhhssl'gunt,
804 1629 897 1714 tamen
909 1659 1008 1729 jucnn-

139 1736 217 1789 «lius
229 1736 290 1803 fuit,
298 1735 374 1805 quod
382 1737 411 1789 in
419 1754 526 1790 summa
533 1736 712 1806 occupatione
722 1740 770 1791 tna
781 1736 881 1791 Planco
890 1737 1008 1805 collegae

153 1812 288 1867 mandasti
306 1816 339 1866 ut
354 1816 384 1867 te
402 1814 468 1866 mihi
486 1831 537 1883 per
553 1814 649 1867 literas
666 1809 827 1881 excusarem
848 1814 921 1882 quod
942 1814 1008 1869 feeit

152 1889 199 1943 ille
211 1890 364 1959 diligenter.
394 1890 465 1943 Mihi
477 1895 570 1944 autem
581 1890 649 1944 nihil
661 1890 805 1965 amabilius
818 1891 904 1944 officio
916 1894 965 1944 tuo
978 1896 1004 1942 οι

152 1965 303 2033 diligentia
339 1967 501 2035 eonjunctio
526 1971 582 2039 tua.
596 1984 660 2021 cum
678 1968 790 2036 collega,
807 1967 1006 2037 concordiaque

151 2048 244 2096 vestra
255 2061 326 2113 quae
337 2044 427 2098 literis
438 2043 626 2098 oomnmnibus
638 2041 778 2098 declarata
790 2048 841 2113 est,
853 2044 879 2097 S.
891 2044 921 2097 P.
930 2044 961 2107 Q.
972 2044 1004 2097 R.

150 2120 308 2186 gratissima
319 2121 427 2176 accidit.
457 2121 537 2187 Quod
552 2126 685 2190 superest,
702 2138 794 2192 perge,
811 2120 848 2174 mi
866 2121 962 2187 Brute,
975 2126 1004 2175 et

147 2195 207 2262 jam
219 2214 273 2251 non
285 2215 347 2251 cum
358 2198 419 2251 aliis
431 2197 481 2252 sed
492 2202 584 2251 tecum
599 2199 664 2267 ipse
672 2201 758 2252 certa.
775 2197 870 2259 ,Plura
883 2196 1003 2251 scribere

151 2287 204 2323 non
217 2273 312 2341 debeo,
325 2275 487 2343 praesertim
498 2273 535 2327 ad
547 2277 577 2327 te
589 2291 643 2341 quo
656 2274 788 2341 magistro
803 2272 946 2325 brevitatis
961 2272 1003 2326 'uti

150 2352 247 2415 cogito.
284 2350 392 2403 Literas
409 2354 472 2403 tuas
489 2350 666 2403 vehementer
683 2351 821 2417 exspecto,
840 2352 869 2401 et
889 2347 1003 2417 quidem
1037 2410 1040 2421 γ

151 2424 220 2477 tales
231 2426 326 2494 quales
338 2426 456 2478 maxime
468 2429 540 2493 epto.
559 2458 565 2469 ·

299 2548 339 2599 27.
374 2548 413 2597 M.
430 2546 559 2597 CICERO
578 2547 602 2601 S.
624 2548 657 2597 D.
676 2548 709 2597 D.
726 2547 856 2599 BRUTO.

418 2648 517 2703 (x1.25.
554 2658 653 2695 aue.
667 2645 735 2709 711.)

150 2727 327 2797 Exspectanti
351 2727 418 2780 mihi
442 2731 504 2781 tuas
528 2726 655 2795 quotidie
677 2727 773 2781 literas
795 2728 890 2797 Lupus
908 2733 1002 2785 noster

149 2805 241 2858 subito
262 2804 435 2858 denuntiavit
450 2806 483 2858 ιιι
500 2804 537 2857 od
556 2807 584 2857 te
604 2803 760 2870 scriberem,
771 2804 795 2857 si
812 2804 880 2873 quid
896 2805 1001 2860 vellem.
1097 2796 1098 2835 3

151 2880 207 2947 llgo
219 2884 320 2946 autem,
330 2877 385 2934 etsi
395 2879 464 2949 quid
475 2878 624 2933 scriberem
637 2896 690 2933 uon
702 2878 843 2947 habebam,
853 2884 916 2935 acta
927 2883 1000 2936 enim

148 2956 185 3009 ad
196 2961 226 3009 te
238 2957 312 3011 mitti
323 2957 450 3025 sciebam,
462 2958 571 3011 inanem
587 2961 681 3011 autem
693 2973 845 3011 sermonem
858 2957 1000 3011 literarum

148 3031 200 3086 tibi
211 3032 390 3101 injucundum
402 3050 463 3088 esse
474 3033 628 3102 audiebam,
640 3033 805 3089 brevitatem
817 3037 927 3088 secutus
940 3050 1000 3088 sum

147 3110 178 3163 te
186 3109 325 3178 magistro.
349 3110 424 3165 Scito
435 3111 521 3175 igitur
530 3111 557 3163 in
571 3114 600 3163 te
611 3112 641 3165 et
652 3109 680 3163 in
692 3110 797 3178 college
805 3126 880 3177 spem
891 3126 998 3165 omnem

147 3201 215 3241 esse
252 3186 295 3241 De
315 3187 402 3241 Bruto
420 3199 513 3243 sutem
532 3186 599 3240 nihil
616 3186 707 3241 adhue
729 3186 813 3240 certi:
838 3200 919 3254 quern
937 3202 999 3255 ego,
