2200 3450
180 2 256 19 'W

315 150 482 199 LAllhlUS.
518 151 595 198 CAP.
614 150 678 200 VII.
697 151 776 200 VIII.
932 154 961 205 37

115 233 240 288 hemines
259 232 332 300 quod
353 231 443 284 iacere
459 231 511 299 ipsi
530 247 585 284 nou
596 236 714 299 possent,
726 232 755 284 id
774 237 850 290 recte
866 234 926 288 fieri
937 235 965 287 in

114 310 204 364 altere
218 307 385 377 judicarent.
421 307 564 360 Hactenus
582 307 648 360 mihi
663 307 764 362 'videor
787 308 823 363 de
847 310 966 364 amicitia

113 385 185 454 quid
197 383 327 438 sentirem
346 383 468 451 potuisse
488 382 590 437 dicere.
626 383 710 451 Siqua
728 388 873 452 praeterea
894 390 965 449 aunt,

114 461 199 515 credo
218 462 310 514 autem
324 474 392 513 'esse
411 459 504 524 multa,
520 458 556 511 ab
574 459 616 526 iis,
636 460 659 512 si
679 458 825 527 videbitur,
843 461 891 528 qui
912 460 966 514 ista

115 537 258 604 disputant
269 535 433 604 quaeritate.
461 540 504 592 25.
523 534 612 592 Faus.
624 535 650 587 N
652 552 683 588 os
695 539 848 588 autemate
859 535 967 603 petius:

115 628 281 680 quamquam
308 610 392 668 etiam
419 609 454 664 ab
482 610 543 664 istis
572 627 653 678 saepe
677 610 797 678 quaesivi
822 615 853 664 et
874 610 966 666 audivi

115 704 171 740 uon
181 686 283 740 invitus
295 686 431 755 equidem,
444 686 493 739 scd
511 685 587 739 aliud
598 686 737 754 quoddam
749 686 825 740 iilum
836 686 966 740 orationis

115 765 187 816 tuae.
223 763 322 816 Seunv.
341 762 409 814 Tum
431 761 517 828 magis
539 761 568 814 id
588 761 702 828 diceres,
723 761 817 830 Fauni,
835 763 858 815 si
875 778 965 831 nuper

114 839 145 891 in
156 837 244 892 hortis
259 837 399 906 Scipionis,
412 853 495 905 quum
514 841 558 891 est
570 837 606 890 dc
617 837 769 906 republica
788 838 966 906 disputatum,

114 913 258 968 adfuisses„
294 913 457 978 Qualistum
474 915 605 981 petronus
619 913 747 981 justitiae
757 914 914 967 fuitcentre
925 930 966 967 ac-

115 994 239 1044 curatam
250 989 401 1044 orationem
411 987 499 1042 Phili!
537 988 626 1042 ulna.
645 989 736 1042 Facile
747 989 778 1042 id
790 989 901 1057 quidem
913 988 966 1042 fuit

112 1065 250 1126 iustitiam
257 1065 412 1134 justissimo
425 1063 483 1117 vire
500 1063 659 1118 defendere.
695 1064 793 1120 Scins.
812 1065 885 1129 Quid
900 1065 965 1117 ami·

116 1142 229 1196 citiam?
264 1141 362 1194 Nonne
373 1139 452 1194 facile
465 1141 491 1194 ei
508 1141 560 1209 qui.
572 1141 607 1194 ob
627 1157 687 1194 eam
707 1159 812 1196 summa
830 1141 885 1194 fide
904 1157 966 1194 con·

117 1218 218 1272 stantia
221 1217 386 1286 justitiaque
396 1220 533 1271 servatam
545 1217 691 1271 maximam
702 1217 814 1285 gloriam
824 1217 947 1285 ceperitl

168 1293 255 1349 VIII.
273 1299 314 1348 26.
332 1294 417 1348 Lanu.
437 1293 500 1346 Vim
516 1294 568 1346 hee
578 1293 689 1361 quidem
702 1297 745 1347 est
757 1293 861 1347 afferre.
892 1292 964 1357 Quid

115 1367 188 1423 enim
212 1371 297 1424 refert
321 1387 375 1438 qua
397 1386 442 1422 mc
466 1370 572 1422 ratione
595 1370 716 1436 cogatisl
757 1369 861 1437 eogrius
884 1371 965 1422 certe.

116 1446 222 1500 Studiis
241 1447 313 1500 enim
329 1461 500 1513 generorum,
512 1445 674 1513 praesertim
693 1444 721 1498 in
740 1462 771 1499 re
790 1444 867 1511 hena,
880 1461 964 1512 quum

116 1521 226 1576 difficile
237 1525 281 1575 est
292 1525 352 1575 tum
363 1537 399 1574 ne
417 1537 533 1588 aequum
554 1519 666 1588 quidem
683 1519 823 1574 obsistere.
858 1519 964 1586 Saepis-

116 1596 185 1650 sime
207 1596 292 1666 igitur
311 1596 378 1650 mihi
402 1596 437 1652 de
461 1595 584 1651 amicitia
606 1596 738 1666 cogItanti
761 1596 878 1649 niaxime
897 1594 964 1647 illud

116 1672 342 1729 considerandum
362 1672 449 1727 videri
466 1671 543 1739 solet,
555 1675 647 1740 utrum
666 1670 965 1741 propterimhecillita-
986 1699 996 1709 .,

115 1751 173 1799 tem
195 1749 279 1813 atque
300 1746 418 1812 inopiam
442 1742 600 1796 desiderata
621 1742 658 1797 sit
675 1742 802 1810 amicitia,
819 1747 852 1798 ut
870 1742 969 1799 dandis

116 1820 335 1890 recipiendisque
347 1818 460 1886 meritis,
473 1817 548 1886 quod
562 1817 677 1886 quisque
694 1817 782 1873 minus
797 1835 848 1886 per
863 1836 893 1872 se
908 1819 968 1888 ipse

115 1900 215 1964 posset,
237 1895 268 1948 id
288 1894 426 1963 acciperet
448 1894 484 1947 ab
506 1894 558 1947 alie
580 1893 755 1960 vicissimque
774 1892 914 1962 redderet,
932 1910 968 1947 au

115 1975 190 2025 esset
205 1970 257 2025 hoc
273 1971 385 2039 quidem
402 1970 542 2039 proprium
559 1968 703 2034 aurieitiae,
721 1968 768 2023 sed
785 1970 923 2038 antiquior
938 1973 968 2023 et

116 2047 255 2115 pulchrior
276 2051 304 2101 et
323 2046 410 2114 magis
432 2064 449 2100 a
467 2049 567 2099 natura
584 2044 645 2114 ipsa
664 2045 786 2115 proiecta
807 2044 860 2098 alie
880 2062 968 2098 causa

117 2124 205 2176 Amor
221 2124 300 2191 enim,
313 2140 348 2177 ex
364 2139 419 2190 quo
436 2122 554 2175 amicitia
570 2120 711 2175 nominata
726 2124 776 2188 est,
787 2121 913 2190 princeps
925 2124 969 2175 est

116 2198 154 2251 ad
172 2198 634 2267 benevolentiam,conjungendam.
670 2198 696 2250 N
698 2214 742 2251 am
757 2197 894 2250 utilitates
910 2197 968 2264 qui-

116 2273 272 2329 demetiam
284 2274 319 2327 ab
331 2275 363 2327 iis
376 2275 564 2343 percipiuntur
574 2290 656 2341 saepe
666 2273 713 2341 qui
723 2272 895 2325 simulatione
902 2272 968 2325 ami-

116 2350 198 2404 citiae
213 2349 338 2404 coluntur
355 2353 383 2402 ct
399 2350 579 2403 observantur
595 2348 726 2417 temporis
744 2363 839 2401 carue:
857 2347 885 2399 in
902 2347 968 2399 ami-

116 2426 182 2479 citia
198 2429 292 2478 autem
307 2425 375 2485 nihil
392 2425 494 2492 fictum,
511 2425 578 2477 nihil
596 2424 770 2488 simulatum;
789 2427 818 2476 et
833 2421 968 2489 quidquid

116 2504 167 2567 cst,
180 2499 210 2552 id
222 2502 251 2552 et
263 2515 355 2552 verum
374 2502 417 2551 est
433 2501 462 2551 et
474 2499 665 2553 voluntarium.
702 2502 744 2560 27,
763 2498 936 2567 Quapropter
951 2513 969 2549 a

114 2580 217 2630 nature
241 2575 308 2631 mihi
332 2576 441 2636 videtur
458 2576 549 2644 potius
573 2591 655 2644 quam
675 2574 711 2629 ab
731 2573 883 2644 indigentie
906 2579 968 2631 orta

118 2652 246 2719 amicitia,
259 2650 440 2720 applicatione
457 2649 545 2717 magis
563 2649 647 2702 animi
663 2666 724 2704 cum
742 2651 861 2719 quodam
885 2668 967 2705 sensu

118 2728 229 2781 amandi
253 2743 335 2796 quam
358 2725 522 2793 cogitatione
546 2728 678 2793 quantum
701 2726 749 2781 illa
771 2743 817 2780 res
840 2726 968 2781 utilitatis

118 2806 193 2863 esset
201 2802 337 2857 habitura
373 2800 453 2865 Quod
462 2799 573 2868 quidem
587 2801 667 2869 quale
680 2801 717 2855 sit
728 2801 814 2855 etiam
826 2801 855 2855 in
870 2800 967 2856 hestiis

120 2878 285 2947 quibusdam
304 2876 485 2932 animadverti
503 2879 604 2945 potest,
625 2892 695 2945 quae
719 2894 765 2930 ex>
777 2894 807 2930 se
827 2879 906 2931 natos
928 2876 968 2938 ite

119 2957 213 3007 amant
232 2953 269 3007 ad
288 2952 427 3023 quoddam
445 2955 556 3020 tempus
573 2955 603 3005 et
620 2951 655 3005 ab
674 2952 715 3005 eis
733 2952 773 3005 ita
791 2955 917 3005 amantur
935 2955 968 3005 ut

66 3052 68 3066 ·
119 3028 199 3083 facile
211 3046 305 3085 aarum
325 3044 420 3082 sensus
438 3029 579 3097 appareat.
614 3027 693 3091 Quod
711 3028 740 3081 in
756 3027 866 3081 homine
880 3026 967 3080 multo

119 3108 164 3159 est
182 3104 353 3159 evidentius:
372 3104 490 3173 primum
508 3120 543 3157 ex
563 3118 597 3155 ea
613 3103 729 3157 acritate
747 3119 818 3171 quae
838 3105 881 3155 est
895 3102 967 3154 inter

120 3185 200 3297 ueto}
218 3184 247 3233 et
263 3182 400 3249 parentes,
419 3194 490 3248 quae
508 3177 601 3231 dirimi
617 3178 670 3233 uisi
689 3176 846 3234 detestabili
865 3176 966 3230 scelere
