2200 3450
359 190 523 238 nannius.
558 190 709 238 onaxu
722 190 801 241 xvi.
865 180 870 186 “
989 196 1019 240 rr

168 271 270 341 diligat
281 263 452 341 'quemquam
470 287 520 324 555
538 270 597 338 ipse
617 269 652 323 ab
673 270 729 324 ullo
741 271 889 340 diligatur,
907 271 1021 327 circum-

171 349 257 402 fluere
265 346 390 402 omnibus
399 347 483 415 copiis
492 346 743 414 atqueinomnium
751 363 844 405 rerum
853 347 1021 402 abundantia

168 423 283 478 viveret
308 423 384 476 Haec
394 423 466 476 enim
478 426 522 478 est
533 426 709 491 tyrannorum
717 422 783 488 rita,
791 423 884 492 inqua
893 424 1020 478 nimirum

170 499 246 553 nulla
266 499 342 567 fides,
363 498 437 552 nulla
457 498 565 565 caritas,
589 496 663 552 nulla
686 497 792 550 stabilis
814 498 1020 553 benevolentiae

170 577 263 643 potest
289 590 349 628 esse
371 574 494 640 ·fiducia;
524 574 616 626 omnia
645 589 753 641 semper
782 579 908 643 suspecta
936 580 1020 644 atque

168 651 294 717 sollicita,
306 650 397 704 nullus
409 651 484 704 locus
496 650 639 705 amicitiae.
675 654 715 704 5³.
734 650 801 714 Quis
813 650 886 704 enim
898 655 1020 706 autenm

171 726 268 794 diligat
285 743 367 794 quem
383 730 496 792 metuat,
515 729 564 779 aut
582 743 645 780 eum
663 742 751 795 aquo
770 743 800 780 se
817 727 903 780 metui
921 730 1020 795 putetl

172 802 305 856 Ooluntur
316 806 408 856 tamen
421 803 591 856 simulatione
600 802 745 856 dumtaxat
753 801 790 854 ad
799 805 916 871 tempus.
941 803 1020 867 Quod

170 879 193 931 si
211 879 289 944 forto,
307 883 339 932 ut
357 878 390 932 fit
408 878 577 946 plerumque,
598 877 836 944 ceciderint‚=tum
857 879 1020 946 intelligitur

170 971 252 1021 quam
280 955 382 1008 luerint
414 955 508 1024 inopes
540 954 696 1007 amiconrm.
731 953 813 1018 Quod
843 955 1019 1024 Tarquinium

169 1031 272 1084 dixisse
291 1031 384 1084 ferunt
408 1031 467 1083 tum
503 1030 673 1084 exsulantem
709 1047 739 1084 se
762 1031 929 1085 intellexisse
951 1049 1019 1100 quos

69 1159 71 1162 .
169 1106 239 1159 fidos
253 1106 354 1160 amicos
368 1105 516 1174 habuisset,
533 1123 602 1175 quos
618 1106 726 1173 infidos,
743 1124 827 1174 quum
840 1106 899 1176 jam
915 1109 1020 1162 neutris

168 1183 286 1250 gratiam
311 1182 415 1236 referre
440 1185 542 1250 posset.
590 1189 631 1236 54.
662 1183 833 1250 Quamquam
861 1184 945 1237 miror
974 1184 1020 1238 illa

168 1257 296 1326 superbia
312 1262 342 1312 et
357 1257 567 1326 importunitate
583 1259 606 1311 si
622 1274 787 1326 quemquam
803 1258 906 1312 habero
921 1260 1020 1329 potuit.

170 1335 264 1402 Atque
278 1337 310 1387 ut
325 1333 408 1402 hujus
425 1349 506 1402 quem
525 1333 582 1386 dixi
600 1349 690 1386 mores
707 1349 786 1386 veros
804 1334 904 1387 amieos
921 1353 1019 1404 parare

167 1425 221 1462 non
239 1412 396 1478 potuerunt,
416 1411 455 1462 sio
474 1409 623 1463 multorum
643 1427 709 1478 opes
728 1413 948 1479 praepotentium
969 1429 1016 1466 ex·

165 1484 282 1539 cludunt
305 1485 437 1539 amicitias
460 1485 565 1538 fideles.
601 1485 662 1538 Non
686 1487 759 1539 enim
779 1486 865 1538 solum
886 1487 947 1555 ipsa
964 1488 1016 1541 for-

167 1565 330 1616 tuna'oaeea
346 1565 397 1628 est,
414 1561 463 1614 sed
478 1579 524 1616 eos
542 1561 625 1615 etiam
644 1561 804 1630 plerumque
822 1562 905 1616 efficit
922 1581 1016 1619 caecos

166 1653 235 1706 quos
250 1638 390 1706 complexa
408 1642 457 1692 est.
494 1639 594 1706 Itaque
612 1638 764 1691 efferuntur
781 1639 839 1691 fere
856 1639 969 1693 fastidio
986 1645 1015 1696 et

163 1715 341 1781 contumacia,
360 1731 450 1782 neque
473 1715 624 1787 quidquam
644 1713 791 1783 insipiente
813 1714 952 1770 fortunato
974 1717 1015 1771 in-

164 1790 334 1844 tolerabilius
358 1792 417 1844 fieri
440 1795 540 1859 potest.
589 1793 684 1861 Atque
707 1790 758 1844 hoc
784 1791 894 1860 quidem
920 1794 1014 1848 videro

163 1866 236 1933 li'oet,
250 1883 296 1919 eos
308 1868 355 1935 qui
367 1871 448 1921 antea
460 1868 608 1921 commodis
619 1868 731 1921 fuerunt
746 1867 875 1933 moribus,
892 1869 1013 1939 imperio,

164 1946 308 2011 potestate,
320 1944 458 2011 prosperis
470 1944 553 1997 robus
562 1944 708 2010 immutari,
718 1944 810 2011 sperni
819 1944 897 1997 abiis
906 1949 1013 1999 veteres

164 2018 303 2085 amicitias,
329 2020 465 2087 indulgeri
491 2020 575 2074 novis.
613 2025 653 2072 55.
681 2019 754 2084 Quid
779 2023 872 2073 autem
902 2022 1013 2074 stultius

164 2112 253 2163 quam,
287 2112 368 2165 quum
403 2096 550 2163 plurimum
578 2096 669 2164 copiis
701 2095 884 2163 facultatibus,
916 2097 1013 2168 opibus

162 2172 275 2238 possint,
297 2175 389 2225 cetera
409 2188 507 2240 parare
528 2189 599 2240 quae
619 2176 751 2240 parantur
773 2173 895 2240 pecunia,
920 2190 1012 2241 equos,

162 2247 284 2313 famulos,
303 2251 407 2301 vestem
429 2248 574 2315 egregiam,
595 2265 660 2301 vasa
679 2248 817 2316 pretiosa;
838 2248 939 2301 amicos
958 2266 1012 2302 non

129 2334 266 2390 parare,
285 2324 416 2391 optimam
435 2327 463 2376 et
481 2323 692 2392 pulcherrimam
709 2323 791 2390 vitae,
809 2326 841 2375 ut
858 2323 898 2376 ita
916 2323 1013 2394 dicam,

162 2401 359 2468 supellectilem
369 2402 378 2454 l
415 2400 525 2453 Etenim
537 2404 631 2453 cetera
643 2417 727 2469 quum
739 2403 846 2467 parant,
858 2399 902 2451 oui
913 2404 1013 2468 parcnt

161 2476 294 2543 nesciunt,
306 2484 357 2529 555
368 2475 445 2544 cujus
455 2492 536 2529 causa
544 2476 671 2529 laborent
681 2498 687 2538 ;
696 2474 836 2543 ejuseninr
849 2480 891 2531 est
898 2476 1012 2539 istorum

161 2551 284 2619 quidque
308 2552 355 2619 qui
378 2551 463 2605 vincit
487 2552 606 2606 viribus:
632 2552 813 2604 amicitiarum
839 2567 888 2605 sua
914 2552 1012 2621 cuique

160 2630 304 2695 permanet
325 2626 430 2681 stabilis
442 2634 472 2681 55
492 2630 570 2681 corta
592 2629 734 2696 possessio,
755 2631 788 2681 ut
811 2628 896 2681 etiam
919 2629 943 2680 si
966 2629 1012 2681 illa

160 2708 296 2770 maneant,
317 2720 388 2772 quae
409 2708 472 2757 sunt
493 2704 571 2771 quasi
592 2704 664 2757 dona
685 2704 819 2770 fortunae,
839 2707 931 2757 tamen
955 2705 1012 2757 vita

159 2776 262 2833 inculta
278 2784 307 2833 55
325 2780 435 2833 deserta
453 2780 488 2833 ab
510 2779 603 2833 amicis
622 2796 677 2833 non
698 2780 785 2848 possit
805 2796 865 2833 esse
881 2778 1011 2847 jucunda,

160 2854 215 2908 Sed
226 2855 294 2910 haec
306 2856 444 2911 haetenus.

212 2930 290 2985 XVI.
309 2938 349 2986 56.
370 2932 561 2986 Constituendi
574 2933 638 2984 suut
650 2935 742 2985 autern
755 2932 802 3000 qui
816 2932 871 2986 sint
882 2934 909 2985 in
919 2932 1010 2986 amici·

159 3006 199 3059 tia
205 3008 273 3061 fines
285 3013 314 3061 55
326 3010 403 3078 quasi
414 3010 526 3063 termini
538 3008 670 3076 diligendi
678 3029 692 3077 3,
701 3010 737 3063 de
750 3009 848 3076 quibus
860 3015 918 3063 tres
929 3009 1011 3072 video

159 3086 310 3137 sententias
321 3086 388 3138 forri
400 3103 516 3154 quonum
530 3085 632 3138 nullam
648 3085 749 3153 probo;
767 3102 849 3138 unam
863 3088 895 3137 ut
912 3084 1008 3137 eodem

159 3158 241 3211 modo
253 3176 319 3227 crgo
330 3162 430 3213 amicos
443 3160 532 3215 allecti
545 3162 630 3213 simus
645 3177 699 3228 quo
716 3177 781 3227 erga
795 3162 902 3213 nosmet
918 3159 1009 3225 ipsoa;

159 3234 274 3288 alteram
290 3240 322 3289 ut
338 3240 432 3299 nostra
448 3238 473 3289 in
493 3236 593 3289 anricos
609 3234 800 3289 benevolentia
816 3234 924 3287 illorum
941 3244 1007 3297 erga

1052 3333 1076 3361 A

1027 3412 1082 3429 t—
