2200 3450
354 180 519 229 LAELIUS.
555 180 632 228 CAP.
651 178 745 226 XVII.
972 179 1002 230 45

106 273 116 290 ·
155 262 254 330 disque
272 261 418 313 amicorum
445 273 557 311 necesse
584 257 638 312 erit
663 258 732 324 angi,
754 259 853 326 dolere,
873 261 1002 316 invidere.

155 345 195 393 60.
226 335 391 400 Quaie‘hoc
415 336 526 402 quidem
550 338 726 403 praeceptum
752 337 936 406 cujuscunque
959 349 1002 392 est

154 413 190 467 ad
208 412 358 467 tollendam
381 411 526 462 amicitiam
547 411 627 464 valet.
664 411 738 463 Illud
758 415 849 480 potius
870 416 1000 483 praecipi-

153 489 256 543 endum
267 487 327 553 fuit,
339 489 371 539 ut
382 503 443 538 cam
456 485 626 552 diligentiam
638 486 866 546 adhiberemusin
875 492 1001 544 amicitiis

153 563 342 633 comparandis
365 565 397 616 ιιι
419 579 454 614 ne
479 561 588 630 quando
615 579 706 615 amare
734 564 912 631 inciperemus
937 583 1001 620 eum

153 658 235 708 quem
249 639 394 708 aliquando
407 638 496 692 odisse
508 655 658 707 possemus
676 667 680 676 ι
694 639 765 703 Quin
778 641 896 693 etiamsi
910 642 1001 694 minus

153 716 246 770 felices
258 717 286 768 in
299 715 444 782 deligendo
455 715 607 781 fuissemus,
620 716 762 771 ferendum
772 716 801 769 id
812 716 901 786 Scipio
909 717 1002 786 potius

154 809 235 860 quam
248 791 449 845 inimicitiarum
461 795 571 860 tompus
583 793 756 860 cogitandum
765 791 888 862 putabat.

206 869 302 921 XVII.
340 875 380 922 61.
412 867 464 920 His
476 868 561 934 igitur
574 868 674 921 finibus
685 869 956 937 utendumarbitror,
969 877 1001 923 ut

153 963 237 1014 quum
258 946 396 999 emendati
409 949 505 998 'moros
529 945 675 998 amicorum
701 947 762 1008 sint,
786 949 846 999 tum
870 947 906 1000 sit
929 947 1002 999 inter

153 1039 198 1074 cos
216 1023 335 1074 omnium
353 1022 654 1090 rerum,'consili0rum,
676 1019 845 1076 voltmtatum
867 1023 925 1076 sine
945 1023 1002 1074 ulla

152 1099 311 1167 cxccpticne
329 1099 514 1165 communitas,
532 1102 565 1152 ut
583 1099 673 1163 etiam,
692 1098 714 1150 si
733 1115 788 1166 qua
804 1098 916 1154 fortuna
932 1099 999 1152 acci-

152 1173 224 1227 derit
238 1178 270 1228 ut
284 1175 373 1227 minus
384 1174 477 1242 justae
492 1176 640 1228 amicorum
658 1175 811 1229 voluntates
827 1175 1001 1243 adjuvandae

152 1250 206 1304 sint
232 1251 270 1302 in'
286 1249 393 1319 quibus¹
411 1267 504 1304 eorum
531 1257 579 1304 aut
605 1255 687 1320 caput
717 1256 814 1318 agatur
843 1255 891 1304 aut
920 1251 1000 1316 fama,

151 1326 403 1394 declinandumsit
426 1328 462 1381 de
485 1329 536 1393 via,
560 1329 642 1381 modo
666 1345 700 1381 ne
724 1344 830 1380 summa
856 1328 1000 1394 turpitudo

151 1406 295 1470 sequatur:
309 1406 351 1456 est
363 1403 435 1456 enim
447 1407 583 1470 quatenus
595 1404 731 1458 amicitiae
743 1404 804 1457 dari
816 1403 895 1456 venia
906 1404 1000 1471 possit,

150 1479 176 1531 N
179 1487 209 1532 ec
225 1495 289 1533 vero
306 1478 469 1547 negligenda
485 1483 528 1534 ost
544 1481 623 1546 fama,
640 1496 691 1532 nec
707 1479 844 1533 mediocre
862 1479 947 1532 telum
963 1479 1000 1532 ad

150 1572 194 1608 res
210 1555 344 1622 gerendas
362 1556 518 1612 existimare
534 1560 644 1625 oportet
660 1554 876 1609 benevolentiam
894 1555 1000 1619 civium,

150 1648 231 1698 quam
244 1631 383 1685 blanditiis
396 1635 425 1685 ct
437 1633 601 1686 assentando
613 1632 740 1700 colligere
751 1635 840 1759 turpet
842 1633 900 1693 cst;
912 1630 966 1683 iirt
968 1649 1000 1683 us

150 1723 231 1775 quam
243 1709 369 1777 sequitur
380 1710 480 1763 cantas
492 1725 604 1763 m1n1me
615 1707 784 1794 repudianda
797 1709 847 1760 cst.
884 1712 924 1761 62
944 1706 998 1761 Sed

150 1800 230 1852 saepe
240 1786 311 1837 enim
324 1785 408 1839 redeo
421 1785 457 1838 ad
472 1772 633 1853 Scipionem
640 1784 719 1852 cujus
733 1784 819 1837 omnis
834 1799 924 1836 sermo
938 1789 998 1836 <rut

149 1859 185 1913 do
197 1861 321 1929 amicitia,
335 1862 503 1929 querebatur
516 1863 590 1930 quod
602 1860 746 1914 omnibus
739 1877 767 1915 ιιι
779 1859 862 1913 rebus
876 1859 999 1913 homiues

149 1936 335 2002 diligentiores
365 1942 472 2003 essent3
502 1954 598 2005 capras
628 1940 656 1989 et
686 1952 750 1989 ovcs
774 1940 849 2004 ¹quot
881 1935 999 2004 quisque

148 2010 262 2065 haberet
281 2013 373 2066 dicere
390 2030 477 2081 posse,
503 2014 603 2066 amicos
624 2015 691 2080 quot
708 2012 823 2065 haberet
843 2029 896 2065 non
918 2028 999 2080 posse

148 2087 257 2153 dicere3
273 2093 301 2143 ct
317 2090 346 2141 in
362 2090 416 2143 illis
433 2090 544 2158 quidem
561 2088 689 2157 parandis
705 2088 836 2142 adhibere
852 2104 952 2154 curam,
969 2087 998 2140 in

147 2166 239 2218 amicis
252 2165 384 2233 eligendis
396 2167 567 2235 negligentes
580 2182 640 2219 csse
650 2181 701 2217 nec
712 2164 814 2217 habere
823 2164 906 2231 ,quasi
921 2164 998 2230 signa

148 2241 281 2308 quaedam
298 2245 327 2295 et
342 2246 421 2296 notas
439 2243 538 2311 quibus
557 2258 603 2295 eos
621 2241 668 2309 qui
686 2240 723 2293 ad
740 2240 887 2293 amicitiam
905 2243 998 2293 essent

147 2316 238 2370 idonci
259 2316 425 2385 judicarent.
461 2319 531 2372 Sunt
557 2318 642 2385 igitur
667 2318 738 2370 finni
767 2320 796 2369 et
826 2314 939 2368 stabiles
968 2320 997 2368 et

147 2396 304 2447 constantes
316 2394 441 2462 eligendi,
455 2395 532 2463 cujus
543 2396 653 2461 generis
665 2396 708 2446 cst
719 2408 817 2459 magna
829 2391 950 2458 penuria,
967 2395 997 2443 ct

143 2469 269 2537 judicare
285 2469 393 2522 difficile
404 2474 452 2523 est
470 2488 533 2523 sane
549 2470 602 2523 nisi
620 2472 782 2536 expertum
800 2466 996 2534 experiendum

147 2549 190 2598 cst
214 2544 358 2597 autem-in
383 2545 442 2613 ipsa
465 2546 601 2611 amicitia3
635 2545 676 2598 ita
698 2543 851 2613 praecurrit
877 2543 997 2595 amicitia

143 2620 278 2687 judicium
311 2615 439 2689 tollitque
471 2622 630 2691 experiendi
662 2624 835 2688 potestatem.
880 2625 921 2673 63.
947 2619 996 2671 Est

146 2698 231 2765 igitur
256 2697 565 2767 prudentissustincre
593 2702 625 2751 ut
655 2714 765 2750 cunum
795 2696 833 2748 sie
862 2696 995 2763 impetum

146 2772 360 2839 benevolentiae,
384 2791 438 2842 quo
461 2778 573 2827 utamur
598 2774 677 2843 quasi
704 2773 781 2841 cquis
808 2772 930 2838 tentatis,
957 2771 996 2823 sic

146 2850 279 2917 amicitiis
300 2849 392 2918 aliqua
412 2855 492 2919 parte
512 2850 676 2918 periclitatis
694 2848 816 2901 moribus
840 2848 996 2900 amicorum.

147 2926 264 2989 Quidam
288 2942 370 2995 saepo
393 2928 421 2979 in
445 2944 529 2995 parva
548 2928 663 2996 pecunia
686 2925 889 2993 perspiciuntur
913 2940 994 2991 quam

146 3002 202 3055 sint
213 3002 302 3056 leves:
327 3004 439 3071 quidam
451 3002 575 3072 [autem],
585 3019 654 3070 quos
665 3018 748 3069 parva
761 3017 871 3053 movere
883 3016 935 3052 non
947 3016 994 3067 po

146 3078 209 3144 tuit,
223 3084 421 3145 cognoscuntur
438 3079 466 3131 in
483 3095 588 3145 magna
625 3077 672 3131 Sin
690 3080 771 3129 erunt
789 3075 874 3143 aliqui
891 3073 994 3141 reperti

146 3153 194 3222 qui
210 3155 351 3221 pecuniam
367 3154 505 3221 praeferre
519 3153 656 3207 amicitiae
670 3152 812 3217 sordidum
828 3150 994 3213 existiment,

145 3228 192 3283 ubi
212 3245 258 3283 eos
275 3229 444 3283 inveniemus
461 3230 509 3297 qui
529 3229 653 3296 honores,
670 3228 855 3295 magistratus,
872 3224 993 3291 imperia,

1048 3331 1070 3361 A
