<?xml version="1.0" encoding="UTF-8"?>
<!DOCTYPE html PUBLIC "-//W3C//DTD XHTML 1.0 Transitional//EN"
    "http://www.w3.org/TR/xhtml1/DTD/xhtml1-transitional.dtd">
<html xmlns="http://www.w3.org/1999/xhtml" xml:lang="en" lang="en">
 <head>
  <title>
</title>
<meta http-equiv="Content-Type" content="text/html;charset=utf-8" />
  <meta name='ocr-system' content='tesseract 3.04.00' />
  <meta name='ocr-capabilities' content='ocr_page ocr_carea ocr_par ocr_line ocrx_word'/>
</head>
<body>
  <div class='ocr_page' id='page_1' title='image "./catomajorsivede00longgoog_0077.png"; bbox 0 0 2200 3450; ppageno 0'>
   <div class='ocr_carea' id='block_1_1' title="bbox 339 165 990 224">
    <p class='ocr_par' dir='ltr' id='par_1_1' title="bbox 339 165 990 224">
     <span class='ocr_line' id='line_1_1' title="bbox 339 165 990 224; baseline 0 -10"><span class='ocrx_word' id='word_1_1' title='bbox 339 166 391 214; x_wconf 80' lang='lat' dir='ltr'><strong>AD</strong></span> <span class='ocrx_word' id='word_1_2' title='bbox 410 165 586 224; x_wconf 74' lang='lat' dir='ltr'>QUINTUM</span> <span class='ocrx_word' id='word_1_3' title='bbox 604 165 788 213; x_wconf 79' lang='lat' dir='ltr'><strong>FRATREM.</strong></span> <span class='ocrx_word' id='word_1_4' title='bbox 956 170 990 215; x_wconf 75' lang='lat' dir='ltr'><strong>ca</strong></span> 
     </span>
    </p>
   </div>
   <div class='ocr_carea' id='block_1_2' title="bbox 135 245 995 1383">
    <p class='ocr_par' dir='ltr' id='par_1_2' title="bbox 135 245 994 695">
     <span class='ocr_line' id='line_1_2' title="bbox 135 245 991 313; baseline 0.001 -14"><span class='ocrx_word' id='word_1_5' title='bbox 135 245 242 300; x_wconf 87' lang='lat' dir='ltr'><strong>artibus</strong></span> <span class='ocrx_word' id='word_1_6' title='bbox 261 261 321 298; x_wconf 91' lang='lat' dir='ltr'><strong>esse</strong></span> <span class='ocrx_word' id='word_1_7' title='bbox 342 245 464 312; x_wconf 85' lang='lat' dir='ltr'><strong>adeptos,</strong></span> <span class='ocrx_word' id='word_1_8' title='bbox 478 261 548 313; x_wconf 79' lang='lat' dir='ltr'><strong>quse</strong></span> <span class='ocrx_word' id='word_1_9' title='bbox 570 245 624 297; x_wconf 89' lang='lat' dir='ltr'><strong>sint</strong></span> <span class='ocrx_word' id='word_1_10' title='bbox 643 245 722 298; x_wconf 88' lang='lat' dir='ltr'><strong>nobis</strong></span> <span class='ocrx_word' id='word_1_11' title='bbox 745 245 874 299; x_wconf 72' lang='lat' dir='ltr'>Graeciae</span> <span class='ocrx_word' id='word_1_12' title='bbox 898 263 991 300; x_wconf 90' lang='lat' dir='ltr'><strong>monu-</strong></span> 
     </span>
     <span class='ocr_line' id='line_1_3' title="bbox 136 319 991 390; baseline -0.001 -14"><span class='ocrx_word' id='word_1_13' title='bbox 136 322 235 376; x_wconf 77' lang='lat' dir='ltr'><strong>mentis</strong></span> <span class='ocrx_word' id='word_1_14' title='bbox 264 319 468 388; x_wconf 76' lang='lat' dir='ltr'><strong>disciplinisque</strong></span> <span class='ocrx_word' id='word_1_15' title='bbox 498 319 625 373; x_wconf 77' lang='lat' dir='ltr'><strong>traditae.</strong></span> <span class='ocrx_word' id='word_1_16' title='bbox 664 322 754 386; x_wconf 80' lang='lat' dir='ltr'>Quare</span> <span class='ocrx_word' id='word_1_17' title='bbox 782 326 893 390; x_wconf 88' lang='lat' dir='ltr'><strong>praeter</strong></span> <span class='ocrx_word' id='word_1_18' title='bbox 920 337 991 376; x_wconf 89' lang='lat' dir='ltr'><strong>com-</strong></span> 
     </span>
     <span class='ocr_line' id='line_1_4' title="bbox 135 397 994 467; baseline 0 -15"><span class='ocrx_word' id='word_1_19' title='bbox 135 415 245 452; x_wconf 91' lang='lat' dir='ltr'><strong>munem</strong></span> <span class='ocrx_word' id='word_1_20' title='bbox 257 397 339 449; x_wconf 84' lang='lat' dir='ltr'><strong>fidem</strong></span> <span class='ocrx_word' id='word_1_21' title='bbox 352 413 422 464; x_wconf 88' lang='lat' dir='ltr'><strong>quae</strong></span> <span class='ocrx_word' id='word_1_22' title='bbox 436 397 561 450; x_wconf 88' lang='lat' dir='ltr'><strong>omnibus</strong></span> <span class='ocrx_word' id='word_1_23' title='bbox 576 397 699 462; x_wconf 86' lang='lat' dir='ltr'><strong>debetur,</strong></span> <span class='ocrx_word' id='word_1_24' title='bbox 718 404 862 467; x_wconf 86' lang='lat' dir='ltr'><strong>praeterea</strong></span> <span class='ocrx_word' id='word_1_25' title='bbox 874 416 923 452; x_wconf 89' lang='lat' dir='ltr'><strong>nos</strong></span> <span class='ocrx_word' id='word_1_26' title='bbox 948 400 994 453; x_wconf 90' lang='lat' dir='ltr'><strong>isti</strong></span> 
     </span>
     <span class='ocr_line' id='line_1_5' title="bbox 135 473 994 544; baseline 0.001 -17"><span class='ocrx_word' id='word_1_27' title='bbox 135 475 274 528; x_wconf 90' lang='lat' dir='ltr'><strong>hominum</strong></span> <span class='ocrx_word' id='word_1_28' title='bbox 285 473 379 540; x_wconf 82' lang='lat' dir='ltr'><strong>generi</strong></span> <span class='ocrx_word' id='word_1_29' title='bbox 390 473 535 540; x_wconf 82' lang='lat' dir='ltr'><strong>praecipue</strong></span> <span class='ocrx_word' id='word_1_30' title='bbox 556 473 658 526; x_wconf 89' lang='lat' dir='ltr'><strong>debere</strong></span> <span class='ocrx_word' id='word_1_31' title='bbox 674 474 807 542; x_wconf 87' lang='lat' dir='ltr'><strong>videmur,</strong></span> <span class='ocrx_word' id='word_1_32' title='bbox 826 479 858 528; x_wconf 90' lang='lat' dir='ltr'><strong>ut</strong></span> <span class='ocrx_word' id='word_1_33' title='bbox 876 492 994 544; x_wconf 88' lang='lat' dir='ltr'><strong>quorum</strong></span> 
     </span>
     <span class='ocr_line' id='line_1_6' title="bbox 136 547 994 620; baseline 0.001 -17"><span class='ocrx_word' id='word_1_34' title='bbox 136 550 289 620; x_wconf 73' lang='lat' dir='ltr'><strong>praeceptis</strong></span> <span class='ocrx_word' id='word_1_35' title='bbox 309 564 402 602; x_wconf 85' lang='lat' dir='ltr'><strong>sumus</strong></span> <span class='ocrx_word' id='word_1_36' title='bbox 421 547 523 602; x_wconf 87' lang='lat' dir='ltr'><strong>eruditi</strong></span> <span class='ocrx_word' id='word_1_37' title='bbox 545 550 619 618; x_wconf 90' lang='lat' dir='ltr'><strong>apud</strong></span> <span class='ocrx_word' id='word_1_38' title='bbox 637 566 684 603; x_wconf 86' lang='lat' dir='ltr'><strong>eos</strong></span> <span class='ocrx_word' id='word_1_39' title='bbox 705 550 778 618; x_wconf 90' lang='lat' dir='ltr'><strong>ipsos</strong></span> <span class='ocrx_word' id='word_1_40' title='bbox 803 551 877 620; x_wconf 90' lang='lat' dir='ltr'><strong>quod</strong></span> <span class='ocrx_word' id='word_1_41' title='bbox 900 550 935 604; x_wconf 91' lang='lat' dir='ltr'><strong>ab</strong></span> <span class='ocrx_word' id='word_1_42' title='bbox 960 551 994 604; x_wconf 90' lang='lat' dir='ltr'><strong>iis</strong></span> 
     </span>
     <span class='ocr_line' id='line_1_7' title="bbox 137 626 624 695; baseline -0.004 -15"><span class='ocrx_word' id='word_1_43' title='bbox 137 626 316 680; x_wconf 77' lang='lat' dir='ltr'><strong>didicerimus</strong></span> <span class='ocrx_word' id='word_1_44' title='bbox 329 626 444 679; x_wconf 86' lang='lat' dir='ltr'><strong>velimus</strong></span> <span class='ocrx_word' id='word_1_45' title='bbox 457 642 624 695; x_wconf 85' lang='lat' dir='ltr'><strong>expromere.</strong></span> 
     </span>
    </p>

    <p class='ocr_par' dir='ltr' id='par_1_3' title="bbox 137 702 995 1383">
     <span class='ocr_line' id='line_1_8' title="bbox 190 702 992 772; baseline 0 -17"><span class='ocrx_word' id='word_1_46' title='bbox 190 703 223 755; x_wconf 87' lang='lat' dir='ltr'><strong>X.</strong></span> <span class='ocrx_word' id='word_1_47' title='bbox 242 708 282 756; x_wconf 80' lang='lat'><strong>29.</strong></span> <span class='ocrx_word' id='word_1_48' title='bbox 301 704 396 771; x_wconf 88' lang='lat' dir='ltr'><strong>Atque</strong></span> <span class='ocrx_word' id='word_1_49' title='bbox 408 702 454 755; x_wconf 91' lang='lat' dir='ltr'><strong>ille</strong></span> <span class='ocrx_word' id='word_1_50' title='bbox 467 702 579 770; x_wconf 89' lang='lat' dir='ltr'><strong>quidem</strong></span> <span class='ocrx_word' id='word_1_51' title='bbox 591 703 718 772; x_wconf 89' lang='lat' dir='ltr'><strong>princeps</strong></span> <span class='ocrx_word' id='word_1_52' title='bbox 735 703 834 770; x_wconf 66' lang='lat' dir='ltr'><strong>ingenii</strong></span> <span class='ocrx_word' id='word_1_53' title='bbox 852 707 880 757; x_wconf 88' lang='lat' dir='ltr'><strong>et</strong></span> <span class='ocrx_word' id='word_1_54' title='bbox 895 703 992 757; x_wconf 67' lang='lat' dir='ltr'><strong>docus</strong></span> 
     </span>
     <span class='ocr_line' id='line_1_9' title="bbox 137 779 993 848; baseline -0.001 -15"><span class='ocrx_word' id='word_1_55' title='bbox 137 797 189 833; x_wconf 84' lang='lat' dir='ltr'><strong>nae</strong></span> <span class='ocrx_word' id='word_1_56' title='bbox 201 779 348 833; x_wconf 85' lang='lat' dir='ltr'><strong>Platotnm</strong></span> <span class='ocrx_word' id='word_1_57' title='bbox 361 779 480 848; x_wconf 91' lang='lat' dir='ltr'><strong>denique</strong></span> <span class='ocrx_word' id='word_1_58' title='bbox 489 779 549 834; x_wconf 84' lang='lat' dir='ltr'><strong>fore</strong></span> <span class='ocrx_word' id='word_1_59' title='bbox 565 779 660 832; x_wconf 87' lang='lat' dir='ltr'><strong>beatas</strong></span> <span class='ocrx_word' id='word_1_60' title='bbox 676 795 721 831; x_wconf 88' lang='lat' dir='ltr'><strong>res</strong></span> <span class='ocrx_word' id='word_1_61' title='bbox 740 779 861 847; x_wconf 84' lang='lat' dir='ltr'><strong>puelrcas</strong></span> <span class='ocrx_word' id='word_1_62' title='bbox 879 780 993 847; x_wconf 86' lang='lat' dir='ltr'><strong>putavit,</strong></span> 
     </span>
     <span class='ocr_line' id='line_1_10' title="bbox 138 855 993 924; baseline 0.002 -16"><span class='ocrx_word' id='word_1_63' title='bbox 138 856 162 909; x_wconf 89' lang='lat' dir='ltr'><strong>si</strong></span> <span class='ocrx_word' id='word_1_64' title='bbox 173 860 221 908; x_wconf 88' lang='lat' dir='ltr'><strong>aut</strong></span> <span class='ocrx_word' id='word_1_65' title='bbox 230 855 302 909; x_wconf 89' lang='lat' dir='ltr'><strong>docti</strong></span> <span class='ocrx_word' id='word_1_66' title='bbox 315 873 346 909; x_wconf 89' lang='lat' dir='ltr'><strong>ae</strong></span> <span class='ocrx_word' id='word_1_67' title='bbox 363 857 499 923; x_wconf 90' lang='lat' dir='ltr'><strong>sapientes</strong></span> <span class='ocrx_word' id='word_1_68' title='bbox 517 856 639 910; x_wconf 91' lang='lat' dir='ltr'><strong>homines</strong></span> <span class='ocrx_word' id='word_1_69' title='bbox 662 872 708 910; x_wconf 87' lang='lat' dir='ltr'><strong>eas</strong></span> <span class='ocrx_word' id='word_1_70' title='bbox 725 872 819 922; x_wconf 87' lang='lat' dir='ltr'><strong>regere</strong></span> <span class='ocrx_word' id='word_1_71' title='bbox 836 857 993 924; x_wconf 86' lang='lat' dir='ltr'><strong>coepissent,</strong></span> 
     </span>
     <span class='ocr_line' id='line_1_11' title="bbox 138 931 995 999; baseline 0.005 -15"><span class='ocrx_word' id='word_1_72' title='bbox 138 935 186 984; x_wconf 88' lang='lat' dir='ltr'><strong>aut</strong></span> <span class='ocrx_word' id='word_1_73' title='bbox 206 931 225 984; x_wconf 91' lang='lat' dir='ltr'><strong>ii</strong></span> <span class='ocrx_word' id='word_1_74' title='bbox 244 931 291 999; x_wconf 91' lang='lat' dir='ltr'><strong>qui</strong></span> <span class='ocrx_word' id='word_1_75' title='bbox 311 936 437 999; x_wconf 86' lang='lat' dir='ltr'><strong>regerent</strong></span> <span class='ocrx_word' id='word_1_76' title='bbox 462 949 542 986; x_wconf 92' lang='lat' dir='ltr'><strong>omne</strong></span> <span class='ocrx_word' id='word_1_77' title='bbox 557 950 635 986; x_wconf 89' lang='lat' dir='ltr'><strong>suum</strong></span> <span class='ocrx_word' id='word_1_78' title='bbox 649 932 769 985; x_wconf 88' lang='lat' dir='ltr'><strong>studium</strong></span> <span class='ocrx_word' id='word_1_79' title='bbox 782 933 808 984; x_wconf 94' lang='lat' dir='ltr'><strong>in</strong></span> <span class='ocrx_word' id='word_1_80' title='bbox 830 932 952 986; x_wconf 86' lang='lat' dir='ltr'><strong>doctrina</strong></span> <span class='ocrx_word' id='word_1_81' title='bbox 964 951 995 988; x_wconf 87' lang='lat' dir='ltr'><strong>ac</strong></span> 
     </span>
     <span class='ocr_line' id='line_1_12' title="bbox 138 1007 995 1077; baseline 0.005 -17"><span class='ocrx_word' id='word_1_82' title='bbox 138 1007 271 1074; x_wconf 87' lang='lat' dir='ltr'><strong>sapientia</strong></span> <span class='ocrx_word' id='word_1_83' title='bbox 295 1009 477 1062; x_wconf 88' lang='lat' dir='ltr'><strong>collocassent.</strong></span> <span class='ocrx_word' id='word_1_84' title='bbox 514 1008 594 1063; x_wconf 87' lang='lat' dir='ltr'><strong>Hanc</strong></span> <span class='ocrx_word' id='word_1_85' title='bbox 622 1008 839 1077; x_wconf 88' lang='lat' dir='ltr'><strong>conjunctionem</strong></span> <span class='ocrx_word' id='word_1_86' title='bbox 868 1011 995 1064; x_wconf 90' lang='lat' dir='ltr'><strong>videlicet</strong></span> 
     </span>
     <span class='ocr_line' id='line_1_13' title="bbox 138 1085 995 1154; baseline 0.004 -17"><span class='ocrx_word' id='word_1_87' title='bbox 138 1085 282 1150; x_wconf 85' lang='lat' dir='ltr'><strong>potestatis</strong></span> <span class='ocrx_word' id='word_1_88' title='bbox 302 1101 334 1138; x_wconf 87' lang='lat' dir='ltr'><strong>ae</strong></span> <span class='ocrx_word' id='word_1_89' title='bbox 354 1085 503 1154; x_wconf 90' lang='lat' dir='ltr'><strong>sapientiae</strong></span> <span class='ocrx_word' id='word_1_90' title='bbox 524 1087 604 1140; x_wconf 87' lang='lat' dir='ltr'><strong>saluti</strong></span> <span class='ocrx_word' id='word_1_91' title='bbox 627 1087 732 1140; x_wconf 86' lang='lat' dir='ltr'><strong>censuit</strong></span> <span class='ocrx_word' id='word_1_92' title='bbox 754 1086 909 1140; x_wconf 84' lang='lat' dir='ltr'><strong>civitatibus</strong></span> <span class='ocrx_word' id='word_1_93' title='bbox 935 1105 995 1141; x_wconf 88' lang='lat' dir='ltr'><strong>esse</strong></span> 
     </span>
     <span class='ocr_line' id='line_1_14' title="bbox 138 1161 994 1233; baseline 0.004 -19"><span class='ocrx_word' id='word_1_94' title='bbox 138 1176 224 1227; x_wconf 82' lang='lat' dir='ltr'><strong>posse</strong></span> <span class='ocrx_word' id='word_1_95' title='bbox 263 1161 343 1225; x_wconf 86' lang='lat' dir='ltr'><strong>Quod</strong></span> <span class='ocrx_word' id='word_1_96' title='bbox 354 1161 470 1216; x_wconf 87' lang='lat' dir='ltr'><strong>fortasse</strong></span> <span class='ocrx_word' id='word_1_97' title='bbox 482 1162 627 1233; x_wconf 86' lang='lat' dir='ltr'><strong>aliquando</strong></span> <span class='ocrx_word' id='word_1_98' title='bbox 648 1163 789 1216; x_wconf 89' lang='lat' dir='ltr'><strong>universae</strong></span> <span class='ocrx_word' id='word_1_99' title='bbox 810 1164 994 1232; x_wconf 89' lang='lat' dir='ltr'><strong>reipublicae</strong></span> 
     </span>
     <span class='ocr_line' id='line_1_15' title="bbox 139 1238 994 1308; baseline 0.006 -20"><span class='ocrx_word' id='word_1_100' title='bbox 139 1240 254 1304; x_wconf 88' lang='lat' dir='ltr'><strong>nostrae,</strong></span> <span class='ocrx_word' id='word_1_101' title='bbox 273 1255 344 1290; x_wconf 92' lang='lat' dir='ltr'><strong>nune</strong></span> <span class='ocrx_word' id='word_1_102' title='bbox 362 1238 473 1307; x_wconf 90' lang='lat' dir='ltr'><strong>quidem</strong></span> <span class='ocrx_word' id='word_1_103' title='bbox 492 1240 615 1307; x_wconf 88' lang='lat' dir='ltr'><strong>profecto</strong></span> <span class='ocrx_word' id='word_1_104' title='bbox 632 1239 678 1300; x_wconf 87' lang='lat' dir='ltr'><strong>isti</strong></span> <span class='ocrx_word' id='word_1_105' title='bbox 700 1240 855 1307; x_wconf 83' lang='lat' dir='ltr'><strong>provinciae</strong></span> <span class='ocrx_word' id='word_1_106' title='bbox 874 1241 994 1308; x_wconf 87' lang='lat' dir='ltr'><strong>contigit,</strong></span> 
     </span>
     <span class='ocr_line' id='line_1_16' title="bbox 139 1312 995 1383; baseline 0.007 -20"><span class='ocrx_word' id='word_1_107' title='bbox 139 1316 171 1364; x_wconf 87' lang='lat' dir='ltr'><strong>ut</strong></span> <span class='ocrx_word' id='word_1_108' title='bbox 182 1312 206 1364; x_wconf 88' lang='lat' dir='ltr'><strong>is</strong></span> <span class='ocrx_word' id='word_1_109' title='bbox 217 1313 244 1364; x_wconf 94' lang='lat' dir='ltr'><strong>in</strong></span> <span class='ocrx_word' id='word_1_110' title='bbox 254 1330 286 1365; x_wconf 89' lang='lat' dir='ltr'><strong>ea</strong></span> <span class='ocrx_word' id='word_1_111' title='bbox 298 1330 429 1366; x_wconf 90' lang='lat' dir='ltr'><strong>summam</strong></span> <span class='ocrx_word' id='word_1_112' title='bbox 442 1318 610 1383; x_wconf 89' lang='lat' dir='ltr'><strong>potestatem</strong></span> <span class='ocrx_word' id='word_1_113' title='bbox 623 1316 737 1369; x_wconf 86' lang='lat' dir='ltr'><strong>haberet</strong></span> <span class='ocrx_word' id='word_1_114' title='bbox 754 1317 797 1369; x_wconf 92' lang='lat' dir='ltr'><strong>eui</strong></span> <span class='ocrx_word' id='word_1_115' title='bbox 815 1317 842 1368; x_wconf 83' lang='lat' dir='ltr'><strong>iu</strong></span> <span class='ocrx_word' id='word_1_116' title='bbox 863 1316 995 1381; x_wconf 89' lang='lat' dir='ltr'><strong>doctrina,</strong></span> 
     </span>
    </p>
   </div>
   <div class='ocr_carea' id='block_1_3' title="bbox 139 1388 1040 1460">
    <p class='ocr_par' dir='ltr' id='par_1_4' title="bbox 139 1388 1040 1460">
     <span class='ocr_line' id='line_1_17' title="bbox 139 1388 1040 1460; baseline 0.007 -20"><span class='ocrx_word' id='word_1_117' title='bbox 139 1388 182 1440; x_wconf 90' lang='lat' dir='ltr'><strong>cui</strong></span> <span class='ocrx_word' id='word_1_118' title='bbox 193 1389 222 1441; x_wconf 94' lang='lat' dir='ltr'><strong>in</strong></span> <span class='ocrx_word' id='word_1_119' title='bbox 240 1389 342 1442; x_wconf 83' lang='lat' dir='ltr'><strong>virtute</strong></span> <span class='ocrx_word' id='word_1_120' title='bbox 362 1393 446 1458; x_wconf 87' lang='lat' dir='ltr'><strong>atque</strong></span> <span class='ocrx_word' id='word_1_121' title='bbox 466 1391 637 1444; x_wconf 70' lang='lat' dir='ltr'><strong>humanitate</strong></span> <span class='ocrx_word' id='word_1_122' title='bbox 656 1392 831 1460; x_wconf 90' lang='lat' dir='ltr'><strong>percipienda</strong></span> <span class='ocrx_word' id='word_1_123' title='bbox 848 1392 994 1460; x_wconf 89' lang='lat' dir='ltr'><strong>plurimum</strong></span> <span class='ocrx_word' id='word_1_124' title='bbox 1039 1443 1040 1448; x_wconf 75' lang='grc'>,</span> 
     </span>
    </p>
   </div>
   <div class='ocr_carea' id='block_1_4' title="bbox 138 1465 996 1995">
    <p class='ocr_par' dir='ltr' id='par_1_5' title="bbox 138 1465 996 1995">
     <span class='ocr_line' id='line_1_18' title="bbox 139 1465 996 1536; baseline 0.007 -20"><span class='ocrx_word' id='word_1_125' title='bbox 139 1481 156 1516; x_wconf 91' lang='lat' dir='ltr'><strong>a</strong></span> <span class='ocrx_word' id='word_1_126' title='bbox 176 1465 293 1534; x_wconf 86' lang='lat' dir='ltr'><strong>pueritia</strong></span> <span class='ocrx_word' id='word_1_127' title='bbox 312 1466 396 1518; x_wconf 90' lang='lat' dir='ltr'><strong>studii</strong></span> <span class='ocrx_word' id='word_1_128' title='bbox 417 1466 514 1520; x_wconf 85' lang='lat' dir='ltr'><strong>fuisset</strong></span> <span class='ocrx_word' id='word_1_129' title='bbox 535 1471 564 1520; x_wconf 92' lang='lat' dir='ltr'><strong>et</strong></span> <span class='ocrx_word' id='word_1_130' title='bbox 586 1467 723 1536; x_wconf 89' lang='lat' dir='ltr'><strong>temporis.</strong></span> <span class='ocrx_word' id='word_1_131' title='bbox 763 1474 803 1522; x_wconf 89' lang='lat'><strong>30.</strong></span> <span class='ocrx_word' id='word_1_132' title='bbox 824 1471 913 1532; x_wconf 66' lang='lat' dir='ltr'><strong>(lirare</strong></span> <span class='ocrx_word' id='word_1_133' title='bbox 932 1485 996 1522; x_wconf 88' lang='lat' dir='ltr'><strong>eura</strong></span> 
     </span>
     <span class='ocr_line' id='line_1_19' title="bbox 139 1541 995 1610; baseline 0.004 -15"><span class='ocrx_word' id='word_1_134' title='bbox 139 1541 233 1595; x_wconf 89' lang='lat' dir='ltr'><strong>ut·hic</strong></span> <span class='ocrx_word' id='word_1_135' title='bbox 251 1545 337 1594; x_wconf 87' lang='lat' dir='ltr'><strong>annus&#39;</strong></span> <span class='ocrx_word' id='word_1_136' title='bbox 359 1542 407 1610; x_wconf 89' lang='lat' dir='ltr'><strong>qui</strong></span> <span class='ocrx_word' id='word_1_137' title='bbox 431 1542 467 1595; x_wconf 80' lang='lat' dir='ltr'><strong>ed</strong></span> <span class='ocrx_word' id='word_1_138' title='bbox 485 1543 607 1596; x_wconf 88' lang='lat' dir='ltr'><strong>laborem</strong></span> <span class='ocrx_word' id='word_1_139' title='bbox 628 1547 706 1596; x_wconf 92' lang='lat' dir='ltr'><strong>tuum</strong></span> <span class='ocrx_word' id='word_1_140' title='bbox 729 1546 846 1598; x_wconf 76' lang='lat' dir='ltr'><strong>necessit</strong></span> <span class='ocrx_word' id='word_1_141' title='bbox 865 1545 938 1598; x_wconf 90' lang='lat' dir='ltr'><strong>idem</strong></span> <span class='ocrx_word' id='word_1_142' title='bbox 959 1546 995 1598; x_wconf 90' lang='lat' dir='ltr'><strong>ad</strong></span> 
     </span>
     <span class='ocr_line' id='line_1_20' title="bbox 139 1618 994 1690; baseline 0.004 -19"><span class='ocrx_word' id='word_1_143' title='bbox 139 1618 255 1671; x_wconf 88' lang='lat' dir='ltr'><strong>salutem</strong></span> <span class='ocrx_word' id='word_1_144' title='bbox 269 1618 351 1671; x_wconf 79' lang='lat' dir='ltr'><strong>Asiae</strong></span> <span class='ocrx_word' id='word_1_145' title='bbox 367 1623 527 1686; x_wconf 84' lang='lat' dir='ltr'><strong>prorogatus</strong></span> <span class='ocrx_word' id='word_1_146' title='bbox 544 1636 604 1673; x_wconf 89' lang='lat' dir='ltr'><strong>esse</strong></span> <span class='ocrx_word' id='word_1_147' title='bbox 625 1619 768 1685; x_wconf 85' lang='lat' dir='ltr'><strong>videatur;</strong></span> <span class='ocrx_word' id='word_1_148' title='bbox 790 1621 994 1690; x_wconf 87' lang='lat' dir='ltr'><strong>quoniam[que]</strong></span> 
     </span>
     <span class='ocr_line' id='line_1_21' title="bbox 138 1693 993 1765; baseline 0.005 -18"><span class='ocrx_word' id='word_1_149' title='bbox 138 1693 167 1747; x_wconf 94' lang='lat' dir='ltr'><strong>in</strong></span> <span class='ocrx_word' id='word_1_150' title='bbox 178 1697 208 1747; x_wconf 86' lang='lat' dir='ltr'><strong>te</strong></span> <span class='ocrx_word' id='word_1_151' title='bbox 218 1694 361 1748; x_wconf 88' lang='lat' dir='ltr'><strong>retinendo</strong></span> <span class='ocrx_word' id='word_1_152' title='bbox 370 1695 423 1748; x_wconf 83' lang='lat' dir='ltr'><strong>init</strong></span> <span class='ocrx_word' id='word_1_153' title='bbox 437 1696 505 1749; x_wconf 85' lang='lat' dir='ltr'><strong>Asia</strong></span> <span class='ocrx_word' id='word_1_154' title='bbox 515 1696 620 1750; x_wconf 81' lang='lat' dir='ltr'><strong>felicior</strong></span> <span class='ocrx_word' id='word_1_155' title='bbox 633 1713 715 1765; x_wconf 87' lang='lat' dir='ltr'><strong>quam</strong></span> <span class='ocrx_word' id='word_1_156' title='bbox 727 1713 776 1751; x_wconf 89' lang='lat' dir='ltr'><strong>nos</strong></span> <span class='ocrx_word' id='word_1_157' title='bbox 789 1697 816 1749; x_wconf 90' lang='lat' dir='ltr'><strong>iu</strong></span> <span class='ocrx_word' id='word_1_158' title='bbox 828 1697 993 1762; x_wconf 89' lang='lat' dir='ltr'><strong>deducendo,</strong></span> 
     </span>
     <span class='ocr_line' id='line_1_22' title="bbox 138 1770 994 1840; baseline 0.006 -17"><span class='ocrx_word' id='word_1_159' title='bbox 138 1770 240 1837; x_wconf 87' lang='lat' dir='ltr'><strong>pertice</strong></span> <span class='ocrx_word' id='word_1_160' title='bbox 252 1775 283 1824; x_wconf 91' lang='lat' dir='ltr'><strong>ut</strong></span> <span class='ocrx_word' id='word_1_161' title='bbox 292 1771 396 1824; x_wconf 88' lang='lat' dir='ltr'><strong>laetitia</strong></span> <span class='ocrx_word' id='word_1_162' title='bbox 411 1773 570 1840; x_wconf 84' lang='lat' dir='ltr'><strong>provinciae</strong></span> <span class='ocrx_word' id='word_1_163' title='bbox 586 1773 750 1827; x_wconf 85' lang='lat' dir='ltr'><strong>desiderium</strong></span> <span class='ocrx_word' id='word_1_164' title='bbox 771 1778 894 1827; x_wconf 87' lang='lat' dir='ltr'><strong>nostrum</strong></span> <span class='ocrx_word' id='word_1_165' title='bbox 912 1774 994 1828; x_wconf 89' lang='lat' dir='ltr'><strong>lenia-</strong></span> 
     </span>
     <span class='ocr_line' id='line_1_23' title="bbox 138 1843 994 1917; baseline 0.002 -16"><span class='ocrx_word' id='word_1_166' title='bbox 138 1843 197 1901; x_wconf 61' lang='lat' dir='ltr'><strong>tur.</strong></span> <span class='ocrx_word' id='word_1_167' title='bbox 227 1847 336 1901; x_wconf 81' lang='lat' dir='ltr'><strong>Etenim</strong></span> <span class='ocrx_word' id='word_1_168' title='bbox 360 1848 382 1901; x_wconf 88' lang='lat' dir='ltr'><strong>si</strong></span> <span class='ocrx_word' id='word_1_169' title='bbox 406 1850 434 1901; x_wconf 90' lang='lat' dir='ltr'><strong>in</strong></span> <span class='ocrx_word' id='word_1_170' title='bbox 458 1850 638 1917; x_wconf 89' lang='lat' dir='ltr'><strong>promerendo</strong></span> <span class='ocrx_word' id='word_1_171' title='bbox 663 1854 695 1903; x_wconf 89' lang='lat' dir='ltr'><strong>ut</strong></span> <span class='ocrx_word' id='word_1_172' title='bbox 714 1850 765 1903; x_wconf 91' lang='lat' dir='ltr'><strong>tibi</strong></span> <span class='ocrx_word' id='word_1_173' title='bbox 787 1851 856 1905; x_wconf 87' lang='lat' dir='ltr'><strong>tanti</strong></span> <span class='ocrx_word' id='word_1_174' title='bbox 880 1850 994 1904; x_wconf 90' lang='lat' dir='ltr'><strong>honores</strong></span> 
     </span>
     <span class='ocr_line' id='line_1_24' title="bbox 139 1922 994 1995; baseline 0.006 -21"><span class='ocrx_word' id='word_1_175' title='bbox 139 1922 309 1990; x_wconf 80' lang='lat' dir='ltr'><strong>haberentur,</strong></span> <span class='ocrx_word' id='word_1_176' title='bbox 323 1926 419 1993; x_wconf 87' lang='lat' dir='ltr'><strong>quanti</strong></span> <span class='ocrx_word' id='word_1_177' title='bbox 431 1926 505 1978; x_wconf 86' lang='lat' dir='ltr'><strong>haud</strong></span> <span class='ocrx_word' id='word_1_178' title='bbox 519 1926 574 1979; x_wconf 86' lang='lat' dir='ltr'><strong>seio</strong></span> <span class='ocrx_word' id='word_1_179' title='bbox 591 1943 625 1979; x_wconf 89' lang='lat' dir='ltr'><strong>au</strong></span> <span class='ocrx_word' id='word_1_180' title='bbox 643 1926 751 1995; x_wconf 87' lang='lat' dir='ltr'><strong>nemini,</strong></span> <span class='ocrx_word' id='word_1_181' title='bbox 774 1927 849 1981; x_wconf 89' lang='lat' dir='ltr'><strong>suisti</strong></span> <span class='ocrx_word' id='word_1_182' title='bbox 875 1928 994 1981; x_wconf 90' lang='lat' dir='ltr'><strong>omnium</strong></span> 
     </span>
    </p>
   </div>
   <div class='ocr_carea' id='block_1_5' title="bbox 140 1998 1097 2071">
    <p class='ocr_par' dir='ltr' id='par_1_6' title="bbox 140 1998 1097 2071">
     <span class='ocr_line' id='line_1_25' title="bbox 140 1998 1097 2071; baseline 0.004 -20"><span class='ocrx_word' id='word_1_183' title='bbox 140 1998 370 2070; x_wconf 82' lang='lat' dir='ltr'><strong>diligentissimus,</strong></span> <span class='ocrx_word' id='word_1_184' title='bbox 382 2002 469 2056; x_wconf 90' lang='lat' dir='ltr'><strong>multo</strong></span> <span class='ocrx_word' id='word_1_185' title='bbox 481 2004 614 2071; x_wconf 91' lang='lat' dir='ltr'><strong>majorem</strong></span> <span class='ocrx_word' id='word_1_186' title='bbox 627 2004 655 2055; x_wconf 90' lang='lat' dir='ltr'><strong>in</strong></span> <span class='ocrx_word' id='word_1_187' title='bbox 667 2003 709 2056; x_wconf 90' lang='lat' dir='ltr'><strong>his</strong></span> <span class='ocrx_word' id='word_1_188' title='bbox 722 2004 868 2056; x_wconf 90' lang='lat' dir='ltr'><strong>honoribus</strong></span> <span class='ocrx_word' id='word_1_189' title='bbox 885 2002 995 2057; x_wconf 89' lang='lat' dir='ltr'><strong>tuendis</strong></span> <span class='ocrx_word' id='word_1_190' title='bbox 1096 2052 1097 2065; x_wconf 70' lang='lat'><strong>,</strong></span> 
     </span>
    </p>
   </div>
   <div class='ocr_carea' id='block_1_6' title="bbox 137 2075 996 2675">
    <p class='ocr_par' dir='ltr' id='par_1_7' title="bbox 137 2075 996 2675">
     <span class='ocr_line' id='line_1_26' title="bbox 139 2075 995 2147; baseline 0.004 -19"><span class='ocrx_word' id='word_1_191' title='bbox 139 2075 270 2129; x_wconf 87' lang='lat' dir='ltr'><strong>adhibere</strong></span> <span class='ocrx_word' id='word_1_192' title='bbox 277 2076 447 2145; x_wconf 86' lang='lat' dir='ltr'><strong>diligentiam</strong></span> <span class='ocrx_word' id='word_1_193' title='bbox 456 2079 548 2132; x_wconf 91' lang='lat' dir='ltr'><strong>debes.</strong></span> <span class='ocrx_word' id='word_1_194' title='bbox 586 2084 628 2132; x_wconf 90' lang='lat'><strong>31.</strong></span> <span class='ocrx_word' id='word_1_195' title='bbox 642 2079 823 2147; x_wconf 79' lang='lat' dir='ltr'><strong>liquidemdo</strong></span> <span class='ocrx_word' id='word_1_196' title='bbox 832 2080 885 2132; x_wconf 85' lang='lat' dir='ltr'><strong>isto</strong></span> <span class='ocrx_word' id='word_1_197' title='bbox 894 2096 995 2147; x_wconf 85' lang='lat' dir='ltr'><strong>genere</strong></span> 
     </span>
     <span class='ocr_line' id='line_1_27' title="bbox 140 2150 994 2225; baseline 0.005 -22"><span class='ocrx_word' id='word_1_198' title='bbox 140 2150 271 2205; x_wconf 90' lang='lat' dir='ltr'><strong>honorum</strong></span> <span class='ocrx_word' id='word_1_199' title='bbox 283 2154 351 2221; x_wconf 89' lang='lat' dir='ltr'><strong>quid</strong></span> <span class='ocrx_word' id='word_1_200' title='bbox 363 2155 495 2207; x_wconf 87' lang='lat' dir='ltr'><strong>sentirem</strong></span> <span class='ocrx_word' id='word_1_201' title='bbox 508 2155 603 2225; x_wconf 89' lang='lat' dir='ltr'><strong>scripsi</strong></span> <span class='ocrx_word' id='word_1_202' title='bbox 617 2156 653 2207; x_wconf 89' lang='lat' dir='ltr'><strong>ad</strong></span> <span class='ocrx_word' id='word_1_203' title='bbox 665 2158 693 2207; x_wconf 90' lang='lat' dir='ltr'><strong>te</strong></span> <span class='ocrx_word' id='word_1_204' title='bbox 708 2159 779 2208; x_wconf 85' lang='lat' dir='ltr'><strong>ante.</strong></span> <span class='ocrx_word' id='word_1_205' title='bbox 817 2156 930 2222; x_wconf 81' lang='lat' dir='ltr'><strong>Semper</strong></span> <span class='ocrx_word' id='word_1_206' title='bbox 948 2172 994 2207; x_wconf 88' lang='lat' dir='ltr'><strong>eos</strong></span> 
     </span>
     <span class='ocr_line' id='line_1_28' title="bbox 139 2228 996 2298; baseline 0.004 -18"><span class='ocrx_word' id='word_1_207' title='bbox 139 2228 238 2295; x_wconf 87' lang='lat' dir='ltr'><strong>putavi,</strong></span> <span class='ocrx_word' id='word_1_208' title='bbox 250 2230 272 2281; x_wconf 87' lang='lat' dir='ltr'><strong>si</strong></span> <span class='ocrx_word' id='word_1_209' title='bbox 285 2230 411 2296; x_wconf 83' lang='lat' dir='ltr'><strong>vulgares</strong></span> <span class='ocrx_word' id='word_1_210' title='bbox 425 2234 525 2296; x_wconf 81' lang='lat' dir='ltr'><strong>essent,</strong></span> <span class='ocrx_word' id='word_1_211' title='bbox 542 2231 625 2295; x_wconf 88' lang='lat' dir='ltr'><strong>viles;</strong></span> <span class='ocrx_word' id='word_1_212' title='bbox 642 2230 665 2283; x_wconf 90' lang='lat' dir='ltr'><strong>si</strong></span> <span class='ocrx_word' id='word_1_213' title='bbox 684 2231 814 2298; x_wconf 88' lang='lat' dir='ltr'><strong>temporis</strong></span> <span class='ocrx_word' id='word_1_214' title='bbox 834 2247 914 2283; x_wconf 87' lang='lat' dir='ltr'><strong>causa</strong></span> <span class='ocrx_word' id='word_1_215' title='bbox 936 2248 996 2283; x_wconf 88' lang='lat' dir='ltr'><strong>eon-</strong></span> 
     </span>
     <span class='ocr_line' id='line_1_29' title="bbox 137 2303 995 2373; baseline 0 -14"><span class='ocrx_word' id='word_1_216' title='bbox 137 2303 326 2371; x_wconf 82' lang='lat' dir='ltr'><strong>stituerentur,</strong></span> <span class='ocrx_word' id='word_1_217' title='bbox 351 2305 439 2370; x_wconf 78' lang='lat' dir='ltr'><strong>leves3</strong></span> <span class='ocrx_word' id='word_1_218' title='bbox 460 2307 483 2358; x_wconf 92' lang='lat' dir='ltr'><strong>si</strong></span> <span class='ocrx_word' id='word_1_219' title='bbox 507 2323 579 2372; x_wconf 85' lang='lat' dir='ltr'><strong>vero,</strong></span> <span class='ocrx_word' id='word_1_220' title='bbox 604 2306 633 2357; x_wconf 87' lang='lat' dir='ltr'><strong>id</strong></span> <span class='ocrx_word' id='word_1_221' title='bbox 655 2306 729 2373; x_wconf 84' lang='lat' dir='ltr'><strong>quod</strong></span> <span class='ocrx_word' id='word_1_222' title='bbox 756 2306 796 2358; x_wconf 86' lang='lat' dir='ltr'><strong>ita</strong></span> <span class='ocrx_word' id='word_1_223' title='bbox 819 2306 921 2358; x_wconf 86' lang='lat' dir='ltr'><strong>fuctum</strong></span> <span class='ocrx_word' id='word_1_224' title='bbox 946 2310 995 2367; x_wconf 85' lang='lat' dir='ltr'><strong>est,</strong></span> 
     </span>
     <span class='ocr_line' id='line_1_30' title="bbox 139 2379 996 2452; baseline 0.005 -21"><span class='ocrx_word' id='word_1_225' title='bbox 139 2381 245 2432; x_wconf 87' lang='lat' dir='ltr'><strong>meritis</strong></span> <span class='ocrx_word' id='word_1_226' title='bbox 257 2380 312 2431; x_wconf 90' lang='lat' dir='ltr'><strong>tuis</strong></span> <span class='ocrx_word' id='word_1_227' title='bbox 331 2379 740 2452; x_wconf 44' lang='lat' dir='ltr'><strong>tribuerentur,‘existimabam</strong></span> <span class='ocrx_word' id='word_1_228' title='bbox 759 2382 874 2433; x_wconf 88' lang='lat' dir='ltr'><strong>multam</strong></span> <span class='ocrx_word' id='word_1_229' title='bbox 896 2380 948 2435; x_wconf 91' lang='lat' dir='ltr'><strong>tibi</strong></span> <span class='ocrx_word' id='word_1_230' title='bbox 968 2382 996 2435; x_wconf 90' lang='lat' dir='ltr'><strong>iu</strong></span> 
     </span>
     <span class='ocr_line' id='line_1_31' title="bbox 138 2454 995 2524; baseline 0.005 -18"><span class='ocrx_word' id='word_1_231' title='bbox 138 2454 173 2506; x_wconf 90' lang='lat' dir='ltr'><strong>iis</strong></span> <span class='ocrx_word' id='word_1_232' title='bbox 192 2454 340 2507; x_wconf 90' lang='lat' dir='ltr'><strong>honoribus</strong></span> <span class='ocrx_word' id='word_1_233' title='bbox 358 2455 469 2508; x_wconf 86' lang='lat' dir='ltr'><strong>tuendis</strong></span> <span class='ocrx_word' id='word_1_234' title='bbox 488 2459 599 2523; x_wconf 80' lang='lat' dir='ltr'><strong>operam</strong></span> <span class='ocrx_word' id='word_1_235' title='bbox 621 2474 680 2509; x_wconf 90' lang='lat' dir='ltr'><strong>esse</strong></span> <span class='ocrx_word' id='word_1_236' title='bbox 707 2456 867 2524; x_wconf 89' lang='lat' dir='ltr'><strong>ponendam.</strong></span> <span class='ocrx_word' id='word_1_237' title='bbox 907 2458 995 2522; x_wconf 81' lang='lat' dir='ltr'><strong>Quare</strong></span> 
     </span>
     <span class='ocr_line' id='line_1_32' title="bbox 140 2529 995 2602; baseline 0.008 -21"><span class='ocrx_word' id='word_1_238' title='bbox 140 2529 267 2597; x_wconf 86' lang='lat' dir='ltr'><strong>quoniam</strong></span> <span class='ocrx_word' id='word_1_239' title='bbox 283 2529 311 2581; x_wconf 93' lang='lat' dir='ltr'><strong>in</strong></span> <span class='ocrx_word' id='word_1_240' title='bbox 330 2530 391 2583; x_wconf 89' lang='lat' dir='ltr'><strong>istis</strong></span> <span class='ocrx_word' id='word_1_241' title='bbox 410 2531 524 2584; x_wconf 86' lang='lat' dir='ltr'><strong>urbibus</strong></span> <span class='ocrx_word' id='word_1_242' title='bbox 545 2548 606 2584; x_wconf 89' lang='lat' dir='ltr'><strong>cum</strong></span> <span class='ocrx_word' id='word_1_243' title='bbox 631 2548 735 2585; x_wconf 89' lang='lat' dir='ltr'><strong>summo</strong></span> <span class='ocrx_word' id='word_1_244' title='bbox 759 2532 874 2601; x_wconf 91' lang='lat' dir='ltr'><strong>imperio</strong></span> <span class='ocrx_word' id='word_1_245' title='bbox 899 2538 928 2587; x_wconf 90' lang='lat' dir='ltr'><strong>et</strong></span> <span class='ocrx_word' id='word_1_246' title='bbox 949 2550 995 2602; x_wconf 77' lang='lat' dir='ltr'><strong>po</strong></span> 
     </span>
     <span class='ocr_line' id='line_1_33' title="bbox 139 2606 995 2675; baseline 0.005 -16"><span class='ocrx_word' id='word_1_247' title='bbox 139 2608 243 2659; x_wconf 89' lang='lat' dir='ltr'><strong>testate</strong></span> <span class='ocrx_word' id='word_1_248' title='bbox 255 2606 378 2673; x_wconf 82' lang='lat' dir='ltr'><strong>versaris,</strong></span> <span class='ocrx_word' id='word_1_249' title='bbox 391 2607 420 2658; x_wconf 92' lang='lat' dir='ltr'><strong>in</strong></span> <span class='ocrx_word' id='word_1_250' title='bbox 439 2608 538 2675; x_wconf 87' lang='lat' dir='ltr'><strong>quibus</strong></span> <span class='ocrx_word' id='word_1_251' title='bbox 556 2610 618 2661; x_wconf 87' lang='lat' dir='ltr'><strong>tuas</strong></span> <span class='ocrx_word' id='word_1_252' title='bbox 637 2608 754 2661; x_wconf 85' lang='lat' dir='ltr'><strong>virtutes</strong></span> <span class='ocrx_word' id='word_1_253' title='bbox 772 2613 947 2663; x_wconf 85' lang='lat' dir='ltr'><strong>&#39;consecratas</strong></span> <span class='ocrx_word' id='word_1_254' title='bbox 968 2614 995 2663; x_wconf 89' lang='lat' dir='ltr'><strong>et</strong></span> 
     </span>
    </p>
   </div>
   <div class='ocr_carea' id='block_1_7' title="bbox 139 2678 1097 2751">
    <p class='ocr_par' dir='ltr' id='par_1_8' title="bbox 139 2678 1097 2751">
     <span class='ocr_line' id='line_1_34' title="bbox 139 2678 1097 2751; baseline 0.005 -16"><span class='ocrx_word' id='word_1_255' title='bbox 139 2682 293 2735; x_wconf 87' lang='lat' dir='ltr'><strong>iudeorum</strong></span> <span class='ocrx_word' id='word_1_256' title='bbox 310 2700 422 2735; x_wconf 88' lang='lat' dir='ltr'><strong>numero</strong></span> <span class='ocrx_word' id='word_1_257' title='bbox 442 2684 586 2737; x_wconf 73' lang='lat' dir='ltr'><strong>celloeitns</strong></span> <span class='ocrx_word' id='word_1_258' title='bbox 608 2684 692 2751; x_wconf 86' lang='lat' dir='ltr'><strong>vides,</strong></span> <span class='ocrx_word' id='word_1_259' title='bbox 711 2685 739 2738; x_wconf 89' lang='lat' dir='ltr'><strong>in</strong></span> <span class='ocrx_word' id='word_1_260' title='bbox 764 2678 888 2739; x_wconf 87' lang='lat' dir='ltr'><strong>omnibus</strong></span> <span class='ocrx_word' id='word_1_261' title='bbox 914 2686 995 2739; x_wconf 89' lang='lat' dir='ltr'><strong>rebus</strong></span> <span class='ocrx_word' id='word_1_262' title='bbox 1096 2702 1097 2707; x_wconf 74' lang='grc'>’</span> 
     </span>
    </p>
   </div>
   <div class='ocr_carea' id='block_1_8' title="bbox 31 2760 995 2831">
    <p class='ocr_par' dir='ltr' id='par_1_9' title="bbox 31 2760 995 2831">
     <span class='ocr_line' id='line_1_35' title="bbox 31 2760 995 2831; baseline 0.007 -22"><span class='ocrx_word' id='word_1_263' title='bbox 31 2809 34 2819; x_wconf 81' lang='grc'>,</span> <span class='ocrx_word' id='word_1_264' title='bbox 139 2774 207 2827; x_wconf 81' lang='lat' dir='ltr'><strong>qiras</strong></span> <span class='ocrx_word' id='word_1_265' title='bbox 233 2763 347 2826; x_wconf 81' lang='lat' dir='ltr'><strong>statues,</strong></span> <span class='ocrx_word' id='word_1_266' title='bbox 372 2776 439 2828; x_wconf 87' lang='lat' dir='ltr'><strong>quas</strong></span> <span class='ocrx_word' id='word_1_267' title='bbox 464 2760 601 2828; x_wconf 87' lang='lat' dir='ltr'><strong>decernes,</strong></span> <span class='ocrx_word' id='word_1_268' title='bbox 627 2778 695 2829; x_wconf 86' lang='lat' dir='ltr'><strong>quas</strong></span> <span class='ocrx_word' id='word_1_269' title='bbox 719 2778 791 2831; x_wconf 87' lang='lat' dir='ltr'><strong>ages,</strong></span> <span class='ocrx_word' id='word_1_270' title='bbox 817 2762 883 2829; x_wconf 90' lang='lat' dir='ltr'><strong>quid</strong></span> <span class='ocrx_word' id='word_1_271' title='bbox 909 2764 995 2816; x_wconf 86' lang='lat' dir='ltr'><strong>tantis</strong></span> 
     </span>
    </p>
   </div>
   <div class='ocr_carea' id='block_1_9' title="bbox 139 2835 995 3285">
    <p class='ocr_par' dir='ltr' id='par_1_10' title="bbox 139 2835 995 3285">
     <span class='ocr_line' id='line_1_36' title="bbox 139 2835 995 2913; baseline 0.012 -30"><span class='ocrx_word' id='word_1_272' title='bbox 139 2835 289 2897; x_wconf 60' lang='lat' dir='ltr'><strong>murinum·</strong></span> <span class='ocrx_word' id='word_1_273' title='bbox 302 2836 479 2904; x_wconf 81' lang='lat' dir='ltr'><strong>opinionibus,</strong></span> <span class='ocrx_word' id='word_1_274' title='bbox 499 2837 585 2890; x_wconf 86' lang='lat' dir='ltr'><strong>tantis</strong></span> <span class='ocrx_word' id='word_1_275' title='bbox 605 2836 639 2889; x_wconf 90' lang='lat' dir='ltr'><strong>de</strong></span> <span class='ocrx_word' id='word_1_276' title='bbox 659 2840 688 2890; x_wconf 88' lang='lat' dir='ltr'><strong>te</strong></span> <span class='ocrx_word' id='word_1_277' title='bbox 705 2838 823 2905; x_wconf 85' lang='lat' dir='ltr'><strong>judiciis,</strong></span> <span class='ocrx_word' id='word_1_278' title='bbox 845 2839 929 2913; x_wconf 82' lang='lat' dir='ltr'><strong>tantis</strong></span> <span class='ocrx_word' id='word_1_279' title='bbox 949 2840 995 2893; x_wconf 77' lang='lat' dir='ltr'><strong>ho</strong></span> 
     </span>
     <span class='ocr_line' id='line_1_37' title="bbox 139 2912 995 2981; baseline 0.007 -18"><span class='ocrx_word' id='word_1_280' title='bbox 139 2912 249 2964; x_wconf 85' lang='lat' dir='ltr'><strong>neribus</strong></span> <span class='ocrx_word' id='word_1_281' title='bbox 269 2912 376 2980; x_wconf 83' lang='lat' dir='ltr'><strong>debeas,</strong></span> <span class='ocrx_word' id='word_1_282' title='bbox 396 2913 539 2980; x_wconf 82' lang='lat' dir='ltr'><strong>cogitabis..</strong></span> <span class='ocrx_word' id='word_1_283' title='bbox 578 2913 612 2966; x_wconf 91' lang='lat' dir='ltr'><strong>ld</strong></span> <span class='ocrx_word' id='word_1_284' title='bbox 630 2917 722 2966; x_wconf 88' lang='lat' dir='ltr'><strong>autem</strong></span> <span class='ocrx_word' id='word_1_285' title='bbox 744 2913 797 2966; x_wconf 88' lang='lat' dir='ltr'><strong>crit</strong></span> <span class='ocrx_word' id='word_1_286' title='bbox 814 2913 947 2981; x_wconf 86' lang='lat' dir='ltr'><strong>ejusmodi</strong></span> <span class='ocrx_word' id='word_1_287' title='bbox 964 2919 995 2969; x_wconf 87' lang='lat' dir='ltr'><strong>ut</strong></span> 
     </span>
     <span class='ocr_line' id='line_1_38' title="bbox 139 2987 994 3057; baseline 0.007 -20"><span class='ocrx_word' id='word_1_288' title='bbox 139 2987 261 3039; x_wconf 87' lang='lat' dir='ltr'><strong>consulas</strong></span> <span class='ocrx_word' id='word_1_289' title='bbox 286 2988 418 3055; x_wconf 90' lang='lat' dir='ltr'><strong>omnibus,</strong></span> <span class='ocrx_word' id='word_1_290' title='bbox 437 2992 468 3042; x_wconf 89' lang='lat' dir='ltr'><strong>ut</strong></span> <span class='ocrx_word' id='word_1_291' title='bbox 493 2990 622 3041; x_wconf 89' lang='lat' dir='ltr'><strong>medeare</strong></span> <span class='ocrx_word' id='word_1_292' title='bbox 646 2989 823 3042; x_wconf 87' lang='lat' dir='ltr'><strong>incommodis</strong></span> <span class='ocrx_word' id='word_1_293' title='bbox 847 2989 994 3057; x_wconf 90' lang='lat' dir='ltr'><strong>hominum,</strong></span> 
     </span>
     <span class='ocr_line' id='line_1_39' title="bbox 139 3062 995 3150; baseline 0.007 -37"><span class='ocrx_word' id='word_1_294' title='bbox 139 3062 283 3150; x_wconf 84' lang='lat' dir='ltr'><strong>provideas</strong></span> <span class='ocrx_word' id='word_1_295' title='bbox 296 3064 385 3131; x_wconf 89' lang='lat' dir='ltr'><strong>saluti,</strong></span> <span class='ocrx_word' id='word_1_296' title='bbox 398 3068 430 3117; x_wconf 88' lang='lat' dir='ltr'><strong>ut</strong></span> <span class='ocrx_word' id='word_1_297' title='bbox 442 3068 471 3117; x_wconf 92' lang='lat' dir='ltr'><strong>te</strong></span> <span class='ocrx_word' id='word_1_298' title='bbox 482 3068 626 3132; x_wconf 84' lang='lat' dir='ltr'><strong>parentem</strong></span> <span class='ocrx_word' id='word_1_299' title='bbox 641 3066 724 3118; x_wconf 86' lang='lat' dir='ltr'><strong>Asiae</strong></span> <span class='ocrx_word' id='word_1_300' title='bbox 737 3068 765 3118; x_wconf 86' lang='lat' dir='ltr'><strong>et</strong></span> <span class='ocrx_word' id='word_1_301' title='bbox 783 3064 836 3119; x_wconf 90' lang='lat' dir='ltr'><strong>dici</strong></span> <span class='ocrx_word' id='word_1_302' title='bbox 855 3070 883 3119; x_wconf 88' lang='lat' dir='ltr'><strong>et</strong></span> <span class='ocrx_word' id='word_1_303' title='bbox 898 3066 995 3119; x_wconf 88' lang='lat' dir='ltr'><strong>haberi</strong></span> 
     </span>
     <span class='ocr_line' id='line_1_40' title="bbox 139 3139 992 3285; baseline 0.005 -18"><span class='ocrx_word' id='word_1_304' title='bbox 139 3139 243 3267; x_wconf 30' lang='lat' dir='ltr'><strong>vell&amp;</strong></span> <span class='ocrx_word' id='word_1_305' title='bbox 267 3221 308 3268; x_wconf 80' lang='lat'><strong>32.</strong></span> <span class='ocrx_word' id='word_1_306' title='bbox 328 3216 422 3283; x_wconf 85' lang='lat' dir='ltr'><strong>Atque</strong></span> <span class='ocrx_word' id='word_1_307' title='bbox 446 3216 508 3268; x_wconf 86' lang='lat' dir='ltr'><strong>huic</strong></span> <span class='ocrx_word' id='word_1_308' title='bbox 532 3220 597 3269; x_wconf 86' lang='lat' dir='ltr'><strong>tuae</strong></span> <span class='ocrx_word' id='word_1_309' title='bbox 620 3217 754 3271; x_wconf 82' lang='lat' dir='ltr'><strong>voluntati</strong></span> <span class='ocrx_word' id='word_1_310' title='bbox 778 3234 810 3271; x_wconf 88' lang='lat' dir='ltr'><strong>ae</strong></span> <span class='ocrx_word' id='word_1_311' title='bbox 836 3216 992 3285; x_wconf 81' lang='lat' dir='ltr'><strong>diligentiae</strong></span> 
     </span>
    </p>
   </div>
   <div class='ocr_carea' id='block_1_10' title="bbox 0 0 1107 3450">
    <p class='ocr_par' dir='ltr' id='par_1_11' title="bbox 0 0 1107 3450">
     <span class='ocr_line' id='line_1_41' title="bbox 0 0 1107 3450; baseline 0 0"><span class='ocrx_word' id='word_1_312' title='bbox 0 0 1107 3450; x_wconf 95' lang='lat' dir='ltr'><strong> </strong></span> 
     </span>
    </p>
   </div>
   <div class='ocr_carea' id='block_1_11' title="bbox 1043 3342 1097 3415">
    <p class='ocr_par' dir='ltr' id='par_1_12' title="bbox 1043 3342 1097 3415">
     <span class='ocr_line' id='line_1_42' title="bbox 1043 3342 1097 3415; baseline 0 0"><span class='ocrx_word' id='word_1_313' title='bbox 1043 3342 1097 3415; x_wconf 69' lang='lat' dir='ltr'><em>A</em></span> 
     </span>
    </p>
   </div>
  </div>
 </body>
</html>
