2200 3450
82 158 111 201 ιι
300 153 342 210 ιι.
360 151 486 201 ιιιιιιι
504 125 699 200 crenaorrs'

82 251 131 288 nos
153 234 359 288 benevolentiae
384 232 489 302 pariter
515 230 723 300 aequaliterque
748 230 931 298 respondeat3

32 353 34 358 .
82 310 195 366 tertiam
213 315 245 364 ut
263 309 358 378 quanti
376 310 491 379 quisquo
509 325 539 360 se
560 308 619 376 ipse
640 307 714 373 facit,
735 306 806 360 tanti
827 307 876 360 fiat
895 305 932 359 ab

81 387 182 440 amicis.
219 387 326 438 Harum
338 385 422 439 trium
435 383 633 438 sententiarum
645 383 711 436 nulli
723 399 833 452 prorsus
840 399 931 436 aasen-

82 462 143 517 tior.
179 462 204 515 N
206 478 237 515 ec
250 462 321 515 enim
338 461 386 514 illa
402 461 491 530 prima
507 477 573 513 vera
590 463 683 514 estut
701 458 931 527 quemadmodum

82 539 110 591 in
125 555 154 591 ee
169 538 291 606 quisque,
308 535 387 594 sicin
402 537 518 590 amicum
533 537 570 590 sit
585 535 728 598 animatus,
775 539 815 591 57.
842 534 931 598 Quam

82 615 169 668 multa
185 613 257 668 enim
271 630 341 681 quac
354 612 442 666 uestri
454 628 535 675 eausa
545 628 685 680 nunquam
697 612 856 676 faceremus,
867 609 931 663 faci-

83 707 143 744 mus
161 707 241 744 causa
261 689 422 754 amicorum3
449 687 555 756 precari
571 687 606 740 ab
623 687 743 756 indigno,
763 686 932 755 supplicare3

83 769 142 821 tum
167 766 291 820 acerbius
316 765 345 818 in
370 765 489 835 aliquem
514 763 613 831 invehi,
639 763 822 830 insectarique
850 761 932 815 velie

83 841 219 906 mentins;
236 857 306 909 quae
325 841 353 893 in
374 839 474 894 nostris
494 838 577 894 rebus
597 857 652 894 non
673 838 741 893 eatis
761 838 882 907 honeste,
901 837 931 891 in

83 917 232 971 amicorum
252 918 322 970 fiunt
341 915 531 972 honestissime
542 935 556 975 ε,
570 916 727 984 multaeque
748 932 793 969 res
816 918 880 969 eunt
902 914 932 967 in

84 994 184 1063 quibus
204 993 239 1047 de
260 993 316 1046 suis
339 992 487 1046 commodis
511 992 562 1045 viri
586 991 650 1046 boni
673 991 760 1046 multa
783 991 932 1045 detrahunt

85 1070 248 1139 detrahique
271 1069 420 1138 patiuntur,
443 1071 475 1122 ut
498 1069 531 1122 iis
555 1068 634 1122 amici
658 1068 751 1137 potius
775 1084 856 1136 quam
879 1067 932 1136 ipsi

85 1147 217 1202 fruantur.
241 1151 281 1200 58.
295 1145 394 1198 Altera
405 1144 541 1205 sententia
550 1148 593 1198 est
603 1161 672 1213 quac
681 1144 778 1197 definit
785 1143 932 1197 amicitiam

85 1222 196 1290 paribus
210 1221 303 1276 officiis
320 1237 351 1274 ac
367 1219 560 1274 voluntatibue.
595 1220 657 1273 Hoc
672 1220 783 1288 quidem
796 1222 840 1273 ent
852 1219 933 1272 nimis

87 1298 185 1367 exigue
200 1302 229 1352 ct
243 1297 352 1357 exiliter
368 1296 405 1349 ad
420 1295 537 1350 calculos
554 1311 651 1349 vocare
667 1296 821 1363 amicitiam,
836 1299 868 1349 ut
882 1311 934 1364 par

87 1374 123 1428 sit
148 1374 218 1428 ratio
244 1375 416 1441 acceptorum
443 1375 472 1426 ct
498 1373 632 1425 datorum.
668 1372 786 1425 Divitior
811 1371 877 1425 mihi
902 1375 934 1427 et

87 1449 241 1504 affluentior
261 1450 371 1503 videtur
393 1465 454 1502 esso
477 1465 542 1502 vcra
566 1447 692 1516 amicitia,
716 1465 766 1502 nec
789 1448 934 1502 observare

87 1526 215 1580 restricte
228 1541 263 1578 no
277 1526 338 1594 plus
353 1524 453 1578 reddat
467 1541 550 1593 quam
566 1525 711 1593 acceperit.
747 1525 845 1593 Neque
860 1524 934 1578 cnim

88 1601 235 1656 verendum
251 1606 345 1654 estne
362 1601 430 1669 quid
447 1600 565 1668 excidat,
582 1603 631 1654 aut
647 1617 683 1654 ne
701 1601 768 1669 quid
785 1601 813 1653 in
830 1604 934 1654 terram

87 1677 196 1744 defluat,
218 1681 265 1731 aut
288 1693 327 1731 ne*
346 1676 417 1745 plus·
430 1691 518 1747 aequo
541 1677 570 1731 in
593 1677 741 1732 amicitiam
764 1679 934 1745 congeratur.

87 1760 127 1809 59.
147 1753 255 1817 Tertius
267 1770 331 1806 vero
342 1753 388 1807 ille
400 1754 461 1807 finis
475 1754 647 1819 detenimus‚
661 1757 694 1807 ut
708 1754 804 1822 quanti
818 1753 934 1822 quisque
1040 1744 1045 1751 ’

88 1846 117 1883 se
140 1830 198 1898 ipse
221 1828 311 1893 faeiat,
335 1829 406 1882 tanti
430 1830 479 1883 fiat
502 1830 537 1883 ab
560 1830 660 1884 amicia
697 1830 784 1898 Saepo
808 1830 880 1883 cuim
904 1828 935 1882 in

87 1904 251 1975 quibusdam
269 1908 317 1957 aut
334 1905 439 1958 animus
456 1904 589 1973 abjectior
606 1910 649 1959 est
669 1909 718 1959 aut
738 1922 800 1974 spes
820 1904 935 1973 amplifi-

86 1980 189 2033 candae
208 1979 333 2033 fortunae
350 1980 470 2035 fractior.
505 1981 568 2034 Non
587 1985 630 2035 est
647 1981 732 2049 igitur
751 1981 830 2035 amici
850 1982 933 2034 talem

87 2071 148 2109 csse
166 2055 195 2107 in
214 2071 276 2107 eum
295 2056 383 2123 qualis
402 2056 447 2109 ille
466 2056 494 2109 in
515 2073 544 2109 se
565 2061 616 2123 est,
636 2057 686 2111 scd
706 2057 798 2125 potius
818 2057 884 2111 eniti
905 2060 934 2111 et

87 2131 194 2185 efficere
208 2134 243 2184 ιιι
260 2131 338 2184 amici
354 2130 492 2199 jacentem
509 2132 629 2185 animum
647 2133 749 2187 excitet
768 2132 935 2200 inducatque

87 2208 116 2260 in
132 2224 209 2276 spem
225 2207 472 2275 cogitationemque
489 2207 638 2260 meliorem.
675 2208 755 2262 Alius
770 2208 856 2276 igitur
872 2208 935 2261 finis

88 2300 168 2338 verae
180 2282 316 2337 amicitiae
328 2283 535 2336 constituendus
548 2287 598 2347 est,
610 2283 633 2335 si
645 2284 722 2351 prius
736 2285 803 2352 quid
817 2284 935 2338 maxime

87 2359 293 2447 reprehendere
302 2359 392 2427 Scipio
405 2357 468 2411 colit
456 2361 501 2411 tus
513 2358 549 2412 sit
561 2359 680 2413 edixere.
715 2360 742 2413 N
743 2359 844 2427 egebat
851 2360 934 2414 ullam

87 2452 180 2489 vocem
192 2434 370 2488 inimiciorem
383 2434 462 2488 enrici
464 2434 518 2489 tiae
530 2434 651 2502 potuisse
660 2436 775 2505 reperiri
784 2452 866 2504 quam
875 2435 936 2504 ejus

88 2528 137 2579 qur
129 2490 320 2577 dixisset't
297 2513 338 2564 rto
355 2526 446 2563 amare
464 2515 544 2578 oport
545 2527 592 2564 ere
609 2514 642 2565 ut
659 2511 682 2565 si
698 2510 845 2581 aliquando
863 2515 936 2566 essct

87 2602 198 2650 osumm;
215 2602 266 2638 nec
277 2602 342 2639 roro
355 2603 384 2639 se
377 2585 496 2639 adduci
507 2602 588 2654 posse
599 2587 691 2641 uthoc
690 2588 936 2656 ‚quemadmodum

88 2658 240 2731 putaretur,
259 2677 276 2715 a
294 2660 393 2714 Biante
410 2677 471 2715 esse
490 2660 546 2715 dict
534 2665 593 2715 turn
611 2661 744 2729 crederet,
763 2664 810 2732 qui
829 2664 945 2731 sapiens*

88 2736 198 2791 habitus
221 2739 295 2791 esset
318 2753 389 2789 unus
412 2753 428 2790 c
452 2739 577 2806 septem;
599 2737 699 2806 impuri
722 2738 863 2807 cujusdam
888 2742 937 2794 aut

87 2812 224 2867 ambitiosi
236 2816 284 2865 aut
297 2812 387 2865 omnia
401 2812 438 2865 ad
453 2829 529 2867 suam
543 2814 695 2881 potentiam
709 2818 863 2869 revocantia
877 2832 938 2869 esse

89 2890 198 2943 sentent
186 2888 260 2941 t.iam
296 2888 419 2952 Quonam
431 2889 503 2942 enim
515 2888 597 2942 modo
610 2890 754 2958 quisquam
766 2892 869 2944 anricus
877 2907 938 2944 esse

88 2962 193 3032 poterit
207 2963 267 3032 ejus
280 2964 324 3017 cui
338 2980 367 3017 ee
381 2964 513 3034 putabit
505 2964 643 3017 mimicum
658 2982 717 3019 esse
730 2969 830 3035 posse?
866 2968 939 3032 Quin

90 3038 174 3092 etiam
186 3055 296 3093 neccsse
308 3040 361 3094 crit
373 3058 472 3109 cupere
484 3044 514 3094 et
525 3043 622 3107 optare
636 3045 668 3094 ut
682 3058 764 3110 quam
779 3044 940 3112 saepissime

90 3119 185 3183 peccet
202 3116 312 3182 amicus,
330 3134 384 3185 quo
401 3118 561 3185 plurest
512 3116 561 3169 det
580 3115 661 3169 sibit
649 3120 789 3185 tamquam
806 3136 886 3173 ansas
902 3120 940 3175 ad

90 3190 362 3259 reprehendendum;
383 3209 491 3246 rursum
511 3196 604 3245 autern
624 3195 699 3246 recte
722 3193 802 3248 sactis
823 3211 940 3248 eommo-
