2200 3450
97 87 127 132 10
326 80 363 126 M.
382 78 507 132 TULLII
526 76 714 124 CICERONIS

96 162 261 214 audientiam
276 158 373 212 diserti
388 156 465 210 senis
473 155 582 225 compta
594 159 623 209 et
636 155 712 208 mitis
723 155 817 210 oratio.
855 157 943 220 (1111111

96 238 117 288 si
131 238 189 304 ipse
199 235 313 303 exsequi
324 249 450 300 nequeas,
458 233 546 300 possis
558 235 651 285 tamen
661 232 778 300 Scipioni
787 234 944 301 praecipui-o

98 315 126 364 ct
143 311 243 365 Laelio.
280 310 352 375 Quid
366 309 438 362 enim
450 308 599 376 jucundius
615 312 756 362 senectuto
770 310 872 377 stipata
888 316 944 362 stn-

97 387 150 440 ‹liis
164 386 335 454 juventutis?
372 391 412 438 29.
437 387 482 436 An
494 401 529 437 ne
542 401 588 437 eas
601 384 712 452 quidem
725 383 797 438 vires
810 386 943 438 senectuti

98 463 281 530 relinquemus
293 465 324 514 ut
337 460 552 514 adolescentulos
562 460 665 524 doceat,
677 460 811 527 instituat,
819 461 855 513 ad
864 479 944 515 omne

98 539 176 592 officii
192 555 289 590 munus
303 538 438 589 instruat?
476 535 534 598 Quo
550 535 662 602 quidem
677 552 758 603 opere
770 537 838 604 quid
854 540 945 605 potest

99 631 158 668 esso
172 613 353 682 praeclariasl
390 611 459 663 Mihi
474 628 538 663 vero
557 611 603 664 Cn.
617 614 646 664 et
662 610 692 664 P.
706 610 844 678 Scipiones
860 617 888 666 et
903 613 946 665 avi

101 689 139 744 tui
152 690 213 756 duc,
227 690 256 742 L.
272 687 407 741 Aemilius
420 690 449 739 et
462 686 491 740 P.
507 686 659 753 Africanus,
672 687 803 739 conritatu
815 687 946 741 nobilium

96 766 228 834 juvenum
240 763 372 816 fortunati
384 761 562 826 videbantur3
580 778 630 814 neo
641 761 690 814 ulli
701 761 834 816 bonarum
845 765 946 818 artium

85 841 222 906 'magistri
237 856 290 891 non
306 838 380 891 beati
397 837 520 906 putandi,
533 837 657 906 quamvis
671 839 862 893 consenuerint
874 840 946 893 vires

100 921 183 986 atque
195 915 354 968 defecerint.
390 915 450 968 Iltsi
465 915 519 967 ista
533 915 592 982 ipsa
604 914 721 967 defectio
733 915 830 968 virium
843 916 947 970 adoles-

100 994 205 1046 centiae
222 991 297 1044 vitiis
316 991 432 1045 efficitur
450 985 557 1058 saepius
576 1007 658 1058 quam
677 992 825 1045 senectutis
833 1013 846 1057 3¹
858 992 948 1045 libidi-

100 1083 166 1119 nosa
184 1065 255 1118 enim
273 1069 302 1132 06
319 1066 503 1133 intemperans
521 1065 705 1119 adolescentia
722 1067 833 1119 effetum
851 1083 948 1136 corpus

101 1142 188 1195 tradit
200 1142 340 1195 senectuti.
372 1147 412 1194 30.
431 1141 515 1207 Cyrus
529 1139 640 1207 quidem
653 1142 726 1209 apud
739 1142 948 1210 Xenophontem

102 1235 134 1270 eo
147 1233 269 1270 sermone
279 1233 360 1284 quem
372 1216 489 1268 moriens
502 1215 605 1283 habuit,
614 1233 696 1284 quum
706 1216 853 1270 admodum
866 1235 948 1271 senex

101 1297 182 1360 esset,
195 1297 279 1360 negat
291 1309 320 1345 se
333 1309 452 1359 unquam
466 1292 582 1345 sensisse
595 1297 763 1346 senectutem
777 1292 852 1346 suam
864 1293 948 1346 imbe-

102 1368 232 1421 cilliorem
244 1369 344 1421 factam
356 1384 438 1436 quam
451 1367 634 1421 adolescentia
645 1368 748 1421 fuisset.
780 1369 838 1435 Ego
848 1369 881 1421 L.
891 1369 949 1422 lle-

105 1445 197 1497 tellum
215 1445 325 1497 memini
343 1460 418 1513 puer,
438 1445 485 1512 qui
504 1461 588 1512 quum
607 1443 785 1512 quadriennio
803 1448 865 1512 post
883 1445 921 1498 alt
938 1475 949 1484 -

104 1537 164 1572 rum
180 1520 349 1573 consulatum
367 1520 495 1573 Pontifex
513 1520 650 1572 Maximus
663 1519 751 1573 factus
766 1523 839 1573 esset
854 1520 949 1587 viginti

104 1600 133 1648 et
145 1595 213 1647 duos
227 1612 310 1647 annos
322 1595 347 1647 ci
360 1594 513 1648 sacerdotio
529 1595 657 1662 praefuit,
672 1594 712 1647 ita
725 1594 804 1648 bonis
816 1613 876 1648 esse
889 1595 950 1648 viri-

104 1669 156 1722 bus
172 1673 296 1723 extremo
311 1674 435 1739 tempore
452 1671 552 1723 aetatis
567 1673 599 1723 ut
615 1669 825 1724 adolescentiam
843 1688 895 1723 non
911 1686 951 1722 rc-

105 1748 233 1814 quireret.
277 1746 353 1797 Nihil
372 1752 482 1799 necesse
502 1750 545 1799 cst
568 1746 635 1798 mihi
654 1746 689 1799 de
707 1763 752 1799 me
770 1746 828 1815 ipso
847 1747 957 1809 diceres

105 1838 270 1889 quamquam
284 1824 327 1873 cst
343 1820 372 1872 id
388 1820 498 1887 quidem
511 1821 596 1873 senile
611 1822 750 1889 aetatique
767 1826 878 1874 nostrae
892 1838 952 1874 eon-

105 1897 219 1950 ceditur.

158 1972 191 2025 X.
227 1977 267 2025 31.
298 1971 442 2024 Videtisne
465 1974 497 2024 ut
520 1972 595 2039 apud
619 1972 771 2027 Homerum
795 1974 952 2042 saepissimo

107 2046 207 2101 Nestor
231 2047 267 2099 de
290 2046 438 2099 virtutibus
459 2047 516 2099 suis
535 2047 693 2114 praedicetl
736 2048 856 2103 Tertiam
880 2049 953 2102 enim

102 2122 161 2191 jam
180 2125 299 2176 aetatem
319 2122 457 2175 hominum
478 2121 596 2188 vivebat,
614 2139 664 2175 nec
683 2127 743 2176 erat
762 2126 787 2176 ci
804 2124 953 2177 verendum

106 2215 140 2251 ne
159 2214 224 2251 vera
240 2198 402 2267 praedicans
420 2197 456 2251 de
474 2214 503 2251 se
520 2197 602 2250 nimis
613 2197 755 2251 rideretur
771 2205 819 2251 aut
836 2200 953 2252 insolens

106 2278 154 2327 aut
173 2274 281 2341 loquar.¹
316 2273 433 2339 Etenim,
456 2277 487 2327 ut
508 2274 547 2327 ait
565 2273 709 2340 Homerus,
730 2291 764 2326 ex
784 2275 844 2341 ejus
862 2274 954 2341 lingua

106 2350 186 2403 melle
198 2350 302 2403 dulcior
317 2349 421 2402 fluebat
439 2350 533 2414 oratio,
553 2366 634 2419 quam
647 2349 684 2402 ad
698 2352 861 2403 suavitatem
873 2350 953 2403 nullis

106 2426 205 2492 egebat
229 2425 348 2493 corporis
369 2425 486 2479 viribus:
513 2429 542 2479 et
564 2430 655 2479 tamen
676 2425 734 2478 dux
757 2425 803 2478 ille
825 2426 954 2479 Graeciae

106 2517 239 2568 nusquam
259 2504 337 2568 optat
359 2503 391 2553 ut
408 2500 504 2567 Ajacis
518 2500 622 2554 similes
635 2500 737 2554 habeat
755 2500 857 2564 decem,
875 2509 905 2553 at
923 2504 953 2552 ut

108 2576 240 2643 Nestoris,
258 2576 331 2643 quod
350 2576 372 2627 si
390 2576 529 2640 acciderit,
542 2593 596 2629 non
611 2575 720 2629 dubitat
734 2575 805 2645 'quin
823 2576 900 2629 brevi
918 2576 954 2628 sit

107 2650 188 2719 'froja
211 2652 342 2719 peritura.
392 2657 430 2705 32,
474 2652 529 2704 Sed
553 2651 636 2705 redeo
660 2651 696 2704 ad
719 2668 773 2706 me.
822 2652 952 2715 Qumtum

107 2744 207 2779 :numm
232 2744 282 2793 ugo
306 2730 335 2779 ct
359 2731 567 2791 mtoqosimum:
597 2726 695 2779 vellem
725 2728 852 2794 equidem
882 2726 951 2779 idom

108 2820 186 2869 posse
197 2802 305 2869 gloriari
320 2803 393 2870 quid
406 2805 505 2871 Cyrus:
525 2802 574 2854 sed
589 2805 682 2855 tamen
700 2801 751 2854 hoo
769 2818 840 2870 queo
856 2802 953 2867 dicere,

108 2895 159 2928 non
178 2894 222 2929 me
240 2878 351 2945 quidem
369 2878 402 2931 iis
420 2895 480 2931 osse
497 2876 602 2931 viribus
621 2876 720 2945 quibus
732 2881 781 2929 ant
793 2877 872 2929 miles
885 2876 955 2930 bollo

111 2953 210 3005 Punico
228 2957 276 3005 aut
294 2963 422 3021 quaestor
440 2953 536 3017 eodem
561 2952 633 3005 bollo
655 2954 703 3004 aut
727 2951 820 3004 consul
844 2952 872 3003 in
891 2952 955 3004 His-

108 3028 188 3094 pania
198 3028 303 3095 fuerim,
318 3032 367 3082 aut
378 3028 557 3095 quadriennio
570 3032 632 3093 pust
649 3042 733 3094 quum
745 3026 873 3079 tribunus
885 3026 954 3079 mili-

108 3103 175 3157 taris
187 3103 339 3173 depugnavi
350 3100 426 3171 apud
437 3103 630 3168 Thermqqlas
646 3100 691 3154 Μ’.
705 3100 793 3153 Acilio
807 3100 953 3155 Glabrione
