2200 3450
91 125 122 186 ia
287 173 291 178 .
321 140 359 188 M.
378 141 504 190 runnu
521 137 710 190 cressonis

91 237 174 288 quam
186 221 361 290 importaret.
386 221 499 276 Deinde
506 221 576 275 illud
585 220 670 275 etiam
678 219 745 274 mibi
757 217 941 286 succurrebat,

91 313 175 364 grave
186 313 248 350 esse
259 313 304 350 me
316 296 353 350 de
364 296 471 365 judicio
482 297 570 366 patris
581 295 714 365 judicare.
751 295 840 349 Tuum
851 299 944 350 tamen

93 371 216 426 studium
239 376 269 428 et
291 373 434 426 consilium
448 376 568 442 ¹gratum
591 375 789 442 acceptumque
805 375 849 425 est
868 370 943 425 mihi.

94 449 304 502 Excusationem
323 449 512 517 angrmtiarum
530 448 573 502 tui
591 448 725 516 temporis
737 447 847 517 accipio.
883 446 945 500 Scio

93 523 168 576 enim
179 538 263 593 quam
277 523 365 577 soleas
376 535 439 578 esse
451 528 606 592 occupatus.
643 524 748 577 Emisse
760 526 790 576 te
801 522 944 591 praedium
958 516 971 538 ⁶

94 600 271 655 vehementer
281 599 389 666 gaudeo
399 620 406 665 3
423 599 597 668 feliciterque
607 599 658 653 tibi
667 615 729 658 rem
741 599 823 652 istam
835 597 946 652 evenire

93 676 181 762 cupio.
217 675 279 728 Hoc
291 675 351 728 loeo
362 691 407 728 mo
418 675 470 728 tibi
484 675 618 743 gratulari
635 675 689 729 noli
705 675 806 729 mirari.
841 673 946 728 Eodem

94 752 167 804 eninr
179 751 238 804 fere
249 750 308 804 loeo
319 753 352 804 ιιι
363 767 473 819 quoque
484 751 583 805 emisse
596 754 625 805 te
636 750 725 805 fecisti
736 765 782 804 me
793 750 945 804 certiorem.

96 827 200 881 llabes.
235 825 422 894 Deponendae
440 827 492 881 tibi
516 830 582 881 smrt
598 827 781 881 urbanitates.
817 825 947 881 Rusticus

97 903 250 955 idomenus
258 903 347 954 iaetus
370 917 408 956 os
444 903 586 968 Quomodo
616 919 668 971 ego
696 902 764 956 mihi
786 918 859 956 nune
881 905 946 956 ante

95 977 187 1031 oeulos
198 981 277 1031 tuum
287 976 519 1045 jucundissimum
530 981 707 1047 conspectum
724 981 861 1047 propono!
898 977 947 1030 Vi-

95 1054 163 1106 deor
181 1053 254 1108 enim
262 1053 368 1110 videre
382 1057 518 1108 ementem
536 1057 567 1108 te
586 1054 703 1108 rusticas
717 1069 844 1122 res-eum
857 1053 946 1108 villico

95 1129 262 1198 loquentem,
285 1129 314 1182 in
336 1129 433 1183 lacinia
460 1133 615 1184 servantem
644 1147 679 1184 ex
706 1146 800 1184 mensa
827 1130 947 1184 secunda

96 1206 224 1259 semina.>¹
241 1204 299 1259 Sed
318 1204 393 1273 quod
410 1205 448 1258 ad
465 1221 525 1259 rem
542 1206 674 1275 pertinet,
686 1221 731 1259 me
749 1214 809 1258 tum
830 1205 881 1260 tibi
900 1205 947 1259 de.

95 1281 181 1335 fnisse
195 1297 283 1350 aeque
301 1296 334 1334 ac
350 1284 382 1334 ιιι
396 1280 484 1336 doleo.
502 1304 504 1307 ·
519 1281 577 1335 Sed
594 1281 650 1334 noli
667 1280 801 1348 dubitare,
820 1281 858 1334 mi
874 1281 946 1350 Tiro,

96 1357 162 1424 quin
173 1360 204 1410 te
215 1357 406 1410 sublevaturus
418 1356 478 1424 sini,
490 1356 607 1411 simodo
622 1357 733 1411 fortuna
743 1373 805 1423 me;
823 1373 948 1426 praescr.

96 1433 147 1486 tim
162 1428 247 1499 quum
262 1432 347 1486 sciam
361 1448 538 1486 communem
549 1433 628 1486 nobis
644 1437 767 1502 emptum
784 1449 845 1487 esse
863 1433 946 1488 istum

97 1507 219 1562 fundum.
255 1507 299 1560 De
320 1507 459 1562 mandatis
477 1508 553 1577 quod
570 1508 622 1562 tibi
642 1525 724 1562 curae
743 1507 797 1561 fnit
818 1512 861 1564 est
881 1509 947 1562 mihi

96 1588 213 1652 gratnm.
244 1583 300 1638 Sed
311 1587 376 1652 peto
384 1600 402 1636 a
410 1588 439 1638 te
448 1588 480 1637 nt
492 1601 575 1652 quam
587 1584 729 1639 celerrime
741 1583 808 1637 mihi
820 1584 947 1640 librarius

33 1660 38 1667 ‘
97 1660 231 1728 mittatur,
243 1661 363 1712 maxime
374 1659 486 1729 quidem
500 1659 639 1727 Graecus;
656 1660 774 1713 multum
790 1660 858 1714 mihi
875 1661 947 1715 enim

96 1736 214 1806 eripitur
242 1752 343 1804 operae
370 1736 399 1788 in
430 1736 619 1791 exscribendis
648 1737 871 1807 hypomnematis.
906 1738 948 1793 Τιι

97 1812 185 1866 selim⁴
200 1812 228 1864 in
246 1811 343 1881 primis
364 1828 444 1865 cures
461 1815 493 1866 ut
512 1812 613 1881 valeas,
633 1816 666 1867 nt
686 1830 741 1866 una
759 1820 948 1881 συμφιλολογεΐν

97 1887 240 1956 possimus.
276 1888 414 1941 Anterum
426 1886 478 1940 trbr
489 1888 660 1943 commendo
697 1888 775 1943 Vale.
837 1926 840 1933 -

186 2003 210 2055 7.
245 2002 383 2051 CAESAR
399 2004 477 2053 IMP.
496 2004 521 2052 S.
540 2004 573 2052 D.
592 2004 761 2053 CICERONI
779 2005 856 2053 ΙΜΡ.

271 2082 454 2143 (ennarrans,
461 2090 512 2131 1.x
531 2085 554 2131 6.
589 2096 616 2132 a.
630 2096 654 2131 u
668 2094 690 2132 c.
704 2083 770 2144 705.)

98 2170 188 2233 Quum
203 2168 336 2222 Furnium
350 2170 473 2222 nostrum
491 2171 601 2223 tautum
613 2168 751 2236 vidissem,
766 2186 855 2238 neque
864 2170 949 2244 loqui

97 2262 188 2313 neque
212 2244 308 2299 audire
331 2259 393 2298 meo
419 2245 562 2298 commodo
589 2245 748 2313 potuissem,
772 2262 947 2314 properarem

96 2328 182 2390 atque
193 2337 282 2385 essem
295 2321 324 2373 in
339 2320 438 2374 itinere
453 2320 611 2390 praemissis
621 2320 681 2389 jam
698 2320 858 2390 legionibus,
870 2338 948 2391 prae

97 2398 183 2452 tenire
194 2400 287 2451 tamen
299 2413 353 2449 nou
364 2396 442 2465 potui
454 2396 520 2465 quin
531 2401 562 2451 et
576 2397 724 2451 scriberem
736 2396 773 2451 ad
784 2401 814 2451 te
827 2401 856 2451 et
844 2398 948 2451 tillum

98 2474 237 2528 mitterem
253 2472 412 2540 gratiasque
427 2488 556 2541 agerem
574 2473 627 2528 etsi
643 2473 693 2527 hoe
707 2478 736 2527 et
751 2473 803 2527 feci
821 2490 902 2542 saepe
918 2476 948 2528 et

97 2550 207 2618 saepius
225 2548 292 2601 mihi
308 2548 431 2602 facturus
446 2542 559 2613 videor;
583 2548 623 2603 ita
639 2549 674 2603 de
690 2566 735 2603 me
753 2550 875 2604 mereris.
913 2550 948 2603 In

97 2625 193 2694 primis
209 2640 227 2677 a
241 2627 271 2679 te
286 2629 360 2693 peto,
378 2624 505 2692 quoniam
522 2591 629 2678 confido
644 2641 688 2679 me
704 2625 833 2692 celeriter
848 2608 884 2680 ad
901 2642 948 2679 ur·

97 2702 160 2755 bern
172 2703 326 2765 venturum,
338 2704 371 2753 ut
382 2704 412 2753 te
423 2700 463 2754 ibi
474 2700 591 2767 rideam,
603 2704 636 2755 ιιι
651 2704 700 2755 tuo
718 2686 829 2755 consilio
831 2701 947 2773 ‚gratia

97 2777 240 2845 dignitate,
257 2790 309 2843 ope
327 2776 447 2829 omnium
464 2791 557 2828 remur
575 2776 616 2830 uti
636 2776 745 2844 possim.
782 2777 830 2831 Ad
850 2793 947 2847 propo-

97 2852 181 2906 situm
193 2854 330 2914 revertar:
344 2850 513 2913 fesbnationi
522 2866 600 2905 meae
611 2850 796 2921 brevitatique
804 2852 947 2943 literarum

97 2928 229 2997 ignosces.
253 2924 385 2995 Rehqna
396 2943 432 2981 ex
444 2927 547 2981 Furnio
560 2943 713 2996 cognosces.

242 3029 265 3077 8.
301 3026 440 3076 CAFSAR
456 3027 559 3076 OPPIO
576 3027 755 3080 CORNELIO
772 3028 796 3077 S.

268 3107 313 3170 (an
330 3119 453 3166 armeus,
473 3119 510 3155 ιι.
529 3106 553 3159 7.
587 3121 613 3156 A.
627 3119 652 3155 11.
666 3120 687 3156 c.
707 3106 773 3169 705.)

98 3188 212 3242 Gaudeo
235 3188 389 3258 mehercule
409 3205 457 3243 vos
478 3187 630 3257 significare
650 3188 739 3243 literis
763 3193 843 3259 quoni
868 3188 948 3243 valde
